2462 3112
1187 94 1313 136 XXV

141 224 249 261 -est-:
277 215 379 260 vide
406 218 643 273 interprett.
663 214 719 258 ad
741 215 893 258 Horat.
915 213 990 256 ΙΙΙ.
1018 212 1070 258 C.
1092 213 1139 266 S,
1170 213 1237 257 13.
1261 220 1303 258 et
1331 212 1466 257 ovid.
1496 214 1612 256 Fast.
1633 213 1706 256 ΙΙΙ.
1734 213 1832 257 530.
1863 214 2155 258 -—·absentis.
2201 215 2338 258 Recte

164 281 634 342 Heynius-Messalmn
653 284 711 325 ait
730 281 959 325 absentem
979 281 1084 324 dici:
1110 288 1281 338 poetam
1306 284 1418 325 enim
1437 283 1530 324 ruri
1559 281 1713 324 festum
1741 281 2005 335 celebrasse,
2034 279 2266 326 Messalam
2293 285 2339 326 in

163 350 277 395 urbe
305 350 449 394 fuisse.
471 374 525 384 —
554 364 594 391 ν.
617 350 687 393 33.
721 349 904 393 Celeber
929 349 1134 392 Messala
1165 349 1411 407 triumphis.
1460 350 1646 392 Horatio
1677 351 1778 392 satis
1807 357 1897 392 erat
1929 350 2076 393 Iovem
2111 349 2337 409 Giganteo

143 417 346 474 -(c.111.
367 418 414 469 1,
443 417 528 470 7.),
556 418 751 460 Asinium
775 416 1015 460 Pollionem
1044 416 1300 461 Dalmatico
1332 416 1557 475 triumpho
1593 417 1673 470 (ΙΙ.
1698 416 1750 461 C.
1773 419 1818 468 1,
1850 418 1938 471 15.)
1969 418 2143 461 clarum
2171 418 2343 475 praedi-

164 500 296 530 casse.
331 484 532 528 Tibullus
562 499 726 528 summa
755 484 970 528 exsultans
1001 484 1163 528 laetitia
1195 485 1398 542 triumphi
1427 484 1703 542 splendorem
1733 487 1861 527 unius
1890 485 2164 542 multiplicat:
2212 484 2341 529 Cete-

162 567 272 597 rum-
289 552 454 596 confer.
474 551 628 595 Jacob.
660 553 714 596 de
745 567 827 596 usu
856 555 1026 595 numeri
1055 551 1210 610 plural.
1232 568 1273 610 p.
1297 554 1363 596 16.
1391 553 1654 595 —intonsis
1684 554 1779 594 avis
1808 552 1961 610 gloria
1989 553 2149 596 dictum
2180 559 2264 603 est,
2293 559 2342 595 ut

154 619 276 665 ‘infra
295 620 374 663 lv.
397 620 456 662 l.:
485 619 570 664 sed
597 623 778 679 generis
805 622 983 679 priscos
1012 618 1254 664 contendis·
1266 622 1447 664 vincere
1467 618 1679 663 honores.
1703 644 1757 653 —
1784 635 1823 662 v,
1845 621 1914 663 38.
1946 619 2146 663 desuevit
2167 619 2341 663 Brouk-

151 689 531 732 -busiusrestituit
560 702 610 730 ex
638 685 772 731 libris.
813 689 948 730 Varia
979 690 1189 744 scriptura
1220 695 1284 730 est
1313 686 1557 731 destituat:
1595 702 1723 744 quam
1753 690 1988 744 scripturae
2016 688 2342 745 discrepantiam

152 757 340 799 miratus
370 757 415 798 in
445 770 539 798 eam
570 757 818 812 opinionem
848 754 1001 808 incidi,
1038 763 1086 798 ut
1114 762 1312 812 putarem
1341 754 1544 798 destituit
1573 755 1643 797 vel
1673 754 1891 798 destituat
1922 771 1971 799 ex
2000 756 2170 800 destitit
2192 771 2340 799 errore

164 823 391 867 oculorum
420 830 495 866 aut
524 823 811 879 imprudentia
840 830 989 866 natum
1019 837 1138 866 esse:
1175 823 1221 866 id
1253 830 1394 865 autem
1424 829 1497 865 aut
1533 821 1794 879 adscriptum
1833 823 1965 866 fuisse
2002 827 2100 866 voci
2139 822 2340 867 desuevit

163 898 240 935 aut
257 890 538 948 depravatum
559 905 654 933 esse
673 906 723 933 ex
739 889 962 934 dedidicit.
997 889 1224 935 Confundi
1241 892 1351 932 enim
1369 889 1587 933 interdum
1603 888 1833 933 dediscere
1850 898 1892 933 et
1910 890 2143 943 desistere,
2163 898 2340 935 constat.

157 959 268 1014 Nec
288 961 483 1016 ineptum
505 957 620 1001 foret
646 956 877 1010 dedidicit,
908 957 1029 1001 velut
1058 957 1175 1014 apud
1195 958 1423 1000 Horatium
1450 959 1588 1000 virtus
1616 957 1824 1014 populum
1854 957 1971 1000 falsis
2001 958 2247 1001 nominibus
2278 961 2341 1002 uti

165 1025 356 1070 dedocet
387 1024 540 1076 (C.11.
560 1025 608 1077 2,
637 1025 740 1078 20.).
778 1026 932 1068 Potior
961 1033 1103 1068 tamen
1135 1032 1200 1067 est
1229 1028 1441 1081 scriptura
1472 1024 1674 1069 desuevit
1701 1033 1950 1082 propterea,
1981 1030 2081 1084 quia
2111 1030 2338 1086 magistri,

164 1107 278 1151 quos
307 1100 438 1150 poeta
468 1092 588 1145 dicit,
617 1105 707 1135 non
736 1092 792 1135 ad
825 1095 1044 1136 scientiam
1072 1092 1287 1144 homines,
1318 1093 1396 1136 sed
1426 1092 1481 1135 ad
1510 1107 1653 1136 mores
1684 1109 1734 1136 ac
1763 1097 1876 1137 vitae
1906 1094 2067 1137 cultum
2097 1095 2341 1138 conforma-

151 1167 280 1205 -runt
304 1185 353 1192 -
378 1175 574 1218 quernas
592 1158 800 1218 glandes.
845 1159 1052 1212 Ovidius,
1083 1160 1159 1203 ubi
1191 1160 1247 1203 de
1269 1174 1402 1203 aurea
1426 1167 1568 1204 aetate
1597 1161 1813 1218 loquitur,
1844 1162 2060 1214 homines,
2089 1165 2248 1220 inquit,
2278 1163 2339 1206 le-

155 1228 350 1288 ·gebant,
368 1255 372 1258 -
390 1242 503 1285 quae
538 1228 791 1271 deciderant
820 1228 967 1285 patula
997 1228 1113 1271 Iovis
1144 1227 1305 1271 arbore
1332 1227 1529 1286 glandes:
1569 1228 1742 1286 alioque
1775 1230 1874 1273 loco
1905 1230 1989 1273 hoc
2017 1233 2156 1287 ipsum
2185 1246 2339 1274 munus

150 1296 317 1342 Cereri
338 1310 388 1338 ac
407 1296 572 1339 Terrae
590 1296 786 1348 mandat,
812 1296 1100 1340 consortibus
1120 1311 1327 1354 operum,
1356 1311 1440 1353 per
1466 1311 1580 1354 quas
1612 1303 1819 1340 correcta
1848 1304 2050 1341 vetustas
2080 1313 2340 1356 quernaque

155 1364 302 1424 glans
329 1366 451 1408 victa
479 1371 548 1407 est
576 1364 756 1407 utiliore
787 1363 884 1407 cibo
917 1365 1058 1418 (Fast.
1091 1365 1122 1407 1.
1150 1365 1280 1418 676.).
1313 1389 1366 1398 —
1395 1365 1566 1422 pellere
1606 1364 1778 1423 glande
1796 1364 2003 1419 famem:
2039 1366 2218 1410 totidem
2249 1367 2339 1410 fere

151 1432 310 1477 ·verbis
338 1431 453 1476 idem
485 1431 590 1475 dixit
625 1431 757 1475 Ovid.
783 1432 957 1475 Metam.
990 1431 1108 1475 XIV.
1137 1432 1234 1475 216.
1293 1433 1344 1474 In
1374 1447 1504 1475 versu
1539 1440 1747 1489 sequente
1777 1433 2078 1476 Broukhusius
2109 1449 2158 1477 ex
2193 1437 2341 1491 paucis

164 1498 287 1544 libris
303 1502 499 1557 reposuit
515 1514 688 1544 cusam:
706 1499 783 1543 sed
799 1500 871 1543 vel
888 1514 977 1543 uno
991 1501 1163 1543 Horatii
1177 1499 1277 1543 loco
1296 1500 1490 1554 (C.111.1
1502 1534 1512 1552 ,
1533 1500 1636 1554 20.),
1659 1515 1785 1558 quem
1804 1501 1947 1544 locum
1967 1502 2106 1545 attulit
2123 1503 2342 1559 Heynius,

163 1568 279 1612 fides
304 1567 503 1625 vulgatae
533 1570 769 1625 scripturae
799 1567 1092 1611 confirmatur.
1123 1592 1177 1601 —
1214 1583 1254 1612 V.
1286 1570 1354 1611 41.
1396 1571 1528 1626 primi
1558 1568 1674 1611 haud
1713 1568 1845 1612 dubie
1881 1569 2231 1626 anteponendum
2272 1575 2340 1613 est

154 1637 289 1680 ‘alteri
317 1637 555 1692 scripturae
582 1638 792 1694 primum:
832 1643 874 1678 at
902 1638 947 1679 in
976 1638 1201 1693 superiore
1230 1651 1378 1688 versu,
1417 1638 1462 1679 in
1492 1650 1581 1693 quo
1614 1637 1787 1689 eadem,
1828 1652 1940 1694 quae
1971 1638 2054 1680 hoc
2083 1640 2178 1695 ipso
2215 1639 2337 1690 loco,

164 1706 278 1748 ratio
309 1703 575 1756 obtineatur,
602 1706 795 1762 primum
825 1706 1028 1760 scriptum
1060 1712 1136 1747 est.
1188 1705 1426 1761 Praecipua
1456 1707 1682 1761 utriusque
1717 1705 1789 1748 dei
1818 1705 1912 1748 laus
1945 1707 1990 1748 in
2020 1713 2205 1763 utroque
2234 1706 2336 1749 loco

166 1780 230 1816 est
258 1773 454 1815 inventio
481 1786 625 1814 earum
645 1787 807 1824 rerum,
839 1771 998 1828 quibus
1021 1772 1218 1815 homines
1249 1788 1274 1814 a
1302 1772 1397 1815 fera
1415 1775 1503 1815 vita
1524 1773 1580 1816 ad
1601 1775 1814 1816 mitiorem
1834 1773 1995 1815 cultum
2016 1773 2201 1816 traducti
2223 1781 2337 1817 sunt.

155 1840 283 1896 Ergo
310 1841 440 1896 primi
461 1838 702 1882 docuerunt
731 1853 863 1882 casas
893 1846 1150 1892 exstruere,
1177 1842 1311 1897 primi
1334 1839 1463 1883 iidem
1491 1847 1652 1884 tauros
1673 1847 1834 1883 aratro
1856 1843 2046 1899 iungere
2067 1848 2112 1883 et
2130 1841 2342 1897 plaustra

169 1909 284 1951 rotis
303 1909 545 1964 imponere.
578 1907 781 1963 Utroque
810 1908 939 1963 igitur
959 1910 1004 1950 in
1025 1907 1125 1950 loco
1156 1911 1262 1964 quin
1281 1910 1413 1965 primi
1432 1908 1562 1951 scribi
1585 1912 1794 1965 potuerit,
1825 1909 2004 1952 dubium
2026 1924 2117 1952 non
2140 1917 2214 1952 est.
2250 1910 2339 1953 Sed

167 1981 371 2032 apparet,
409 1973 545 2017 altero
575 1973 702 2026 loco,
742 1989 838 2016 cum
867 1982 1073 2031 sequatur
1099 1976 1279 2019 verbum
1309 1976 1476 2018 finitum
1504 1975 1732 2028 docuere,
1767 1979 1960 2034 potuisse
1991 1979 2094 2033 poni
2125 1980 2337 2034 primum:

165 2042 306 2085 altero
336 2049 477 2084 autem
506 2056 601 2084 cum
630 2042 737 2084 haec
763 2043 855 2098 ipsa
884 2057 968 2086 vox
991 2036 1082 2086 non
1106 2043 1161 2088 ad
1189 2044 1446 2086 infinitivum
1474 2043 1702 2097 docuisse,
1729 2045 1804 2088 sed
1836 2045 1891 2087 ad
1912 2044 2092 2087 verbum
2110 2045 2337 2099 feruntur

166 2107 413 2154 revocanda
435 2115 566 2160 esset,
596 2108 870 2152 scribendum
892 2109 1025 2153 fuisse
1042 2113 1173 2167 primi
1197 2113 1362 2168 potius,
1391 2126 1517 2168 quam
1532 2115 1736 2169 primum.
1772 2113 1859 2156 Pro
1883 2111 2089 2156 docuisse
2110 2115 2339 2156 servitium

158 2175 434 2221 'Gebhardus
451 2208 462 2228 ,
492 2176 675 2220 Vossius
692 2210 703 2230 ,
742 2177 926 2220 Bachius
955 2178 1038 2236 legi
1067 2181 1284 2223 iusserunt
1313 2179 1538 2224 domuisse
1568 2184 1770 2225 servitio:
1809 2189 1850 2224 at
1880 2181 2086 2225 docuisse
2113 2184 2341 2225 servitium

166 2243 284 2287 valet
315 2242 571 2287 domuisse:
610 2245 730 2302 quod
769 2248 805 2288 si
834 2248 1036 2302 scriptum
1068 2254 1208 2299 esset,
1246 2251 1545 2292 vox-servitio
1575 2263 1714 2306 prope
1744 2249 1859 2291 foret
1888 2264 2215 2306 supervacanea.
2264 2251 2336 2292 De

167 2314 375 2356 suavitate
405 2314 611 2368 repetitae
639 2315 760 2356 vocis
791 2312 957 2358 docere
995 2314 1099 2358 dixit
1127 2315 1369 2359 Dissenius.
1408 2316 1519 2359 ordo
1553 2324 1693 2359 autem
1722 2315 1954 2359 verborum
1992 2317 2075 2359 hoc
2104 2316 2235 2360 modo
2271 2331 2340 2360 ex-

166 2378 412 2437 pediendus
441 2386 527 2422 est:
563 2380 627 2423 illi
656 2382 781 2423 etiam
809 2383 933 2438 primi
963 2389 1005 2424 et
1034 2390 1181 2426 tauros
1211 2385 1431 2426 servitium
1462 2384 1662 2427 docuisse
1699 2391 1742 2427 et
1770 2384 1966 2440 plaustro
2003 2392 2140 2427 rotam
2177 2399 2340 2441 suppo-

154 2450 304 2492 suisse
334 2447 542 2491 feruntur.
572 2451 653 2490 iam
676 2450 819 2491 omnia
846 2449 974 2505 plana
995 2457 1107 2492 sunt.
1128 2464 1256 2492 nemo
1285 2457 1400 2492 certe
1420 2457 1505 2492 tam
1527 2450 1776 2506 imprudens
1804 2458 1847 2493 et
1869 2451 2209 2493 inconsideratus
2240 2453 2339 2503 erit,

166 2522 216 2559 ut
249 2522 409 2558 tauros
438 2522 511 2558 aut
541 2514 748 2560 docuisse
779 2519 926 2573 iungat
958 2532 1052 2560 cum
1081 2520 1382 2575 supposuisse.
1414 2543 1466 2551 —
1508 2534 1547 2561 v.
1575 2518 1643 2560 43.
1691 2525 1798 2562 tunc
1828 2522 2002 2562 consita
2034 2534 2206 2575 pomus.
2236 2519 2338 2563 Exc.

169 2583 286 2639 Lips.
308 2584 442 2626 insita
464 2597 643 2641 pomus:
672 2598 754 2626 nec
775 2584 1027 2627 dubitarunt
1049 2586 1108 2627 ita
1133 2585 1277 2642 legere
1292 2585 1615 2636 Broukhusius,
1639 2585 1846 2642 Vulpius,
1865 2588 2062 2629 Vossius.
2109 2585 2196 2628 Sed
2218 2594 2336 2630 recte

168 2648 275 2692 vidit
284 2650 504 2705 Heynius,
523 2664 614 2692 non
632 2650 686 2693 de
701 2653 921 2703 insitione,
945 2651 1024 2695 sed
1041 2651 1096 2695 de
1111 2654 1279 2695 satione
1294 2659 1468 2709 poetam
1487 2652 1622 2709 loqui.
1645 2653 1932 2696 Scribendum
1948 2656 2075 2711 igitur
2088 2657 2340 2697 consita.-

156 2716 367 2774 -irriguas
396 2731 550 2774 aquas.
576 2718 727 2774 Virgil.
755 2717 916 2775 Georg.
938 2719 990 2761 ΙΙ.
1008 2719 1125 2763 485.;
1156 2721 1266 2777 rigui
1295 2733 1453 2762 amnes.
1471 2719 1529 2762 ib.
1548 2720 1625 2762 IV.
1646 2721 1715 2763 34.
1745 2722 1948 2776 irriguum
1980 2721 2154 2763 sontem.
2187 2722 2336 2765 Horat.

170 2781 223 2826 C.
242 2782 274 2824 1.
295 2783 339 2835 7,
364 2783 431 2826 14.
460 2784 547 2827 uda
570 2784 804 2828 mobilibus
832 2787 1024 2842 pomaria
1050 2789 1164 2830 rivis.
1181 2810 1236 2821 —
1265 2802 1305 2829 v,
1325 2788 1393 2829 45.
1419 2801 1605 2843 pressos
1629 2788 1838 2845 liquores.
1868 2789 2018 2830 Horat.
2036 2787 2176 2844 Epod.
2196 2789 2271 2840 13,
2299 2791 2338 2832 6.

167 2851 268 2892 vina
286 2850 514 2906 Torquato
542 2852 722 2896 consule
749 2867 897 2910 pressa
927 2868 1037 2897 meo.
1076 2856 1196 2911 Virg.
1218 2854 1379 2911 Georg.
1397 2854 1476 2897 lv.
1495 2856 1591 2897 140.
1615 2857 1772 2912 pressis
1802 2855 1921 2898 favis.
1962 2855 2092 2899 ovid.
2112 2856 2240 2900 Trist.
2260 2856 2338 2899 IV.

161 2917 215 2970 6,
244 2918 312 2962 20.
344 2917 465 2963 nudo
491 2933 642 2976 pressa
670 2934 754 2963 uva
782 2920 907 2978 pede.
953 2920 1123 2967 Colum.
1150 2921 1204 2965 de
1228 2936 1260 2966 r.
1286 2935 1321 2965 r.
1346 2922 1438 2965 ΧΙΙ.
1467 2922 1541 2975 13,
1574 2923 1611 2966 1.
1650 2922 1775 2980 prelo
1806 2937 1914 2966 uvas
1944 2936 2179 2981 premere<
2208 2924 2340 2970 Ovid.

1797 3001 1826 3043 4
