2462 3112
1135 118 1282 159 xvm

132 234 176 273 in
205 229 365 273 bellum
394 230 611 288 proficisci
644 245 835 289 cogerer.
892 232 1020 288 Quae
1047 232 1218 289 ⁴reliqua
1250 242 1313 277 est
1344 235 1527 279 offensio
1546 237 2019 293 traiectae-particulae
2044 252 2127 280 nec
2144 271 2154 288 ‚
2185 250 2289 281 ean

133 298 276 354 aliqua
306 312 358 340 ex
385 306 506 355 parte
534 299 702 342 sustulit
732 301 956 343 Disaenius
979 333 989 351 ,
1025 315 1047 342 a
1078 315 1166 356 quo
1196 309 1335 344 tamen
1364 302 1518 359 virgil.
1543 302 1690 359 Eclog.
1710 305 1762 346 X.
1784 304 1850 346 16.
1879 304 2036 347 nollem
2067 304 2289 354 collatmm

139 367 259 408 cuius
289 365 375 408 loci
402 368 510 408 ratio
541 381 642 409 sane
672 375 734 410 est
764 367 1050 410 dissimillima.
1073 390 1130 398 -——
1157 383 1196 410 v,
1219 369 1284 412 19.
1315 384 1490 427 pauper
1519 369 1664 412 cultus
1693 385 1788 412 cum
1819 371 1873 414 ad
1903 373 2117 414 materiam
2149 379 2191 414 et
2219 385 2290 415 or-

134 440 299 486 natum,
329 440 418 476 tum
449 434 503 476 ad
534 442 663 476 totam
695 434 866 477 colendi
893 437 1100 478 rationem
1134 435 1334 479 refertur.
1365 437 1476 479 conf.
1507 437 1656 479 Horat.
1679 436 1729 480 C.
1753 438 1825 480 111.
1853 439 1922 481 23.
1953 446 2052 482 extr.
2075 462 2130 471 —
2159 454 2199 482 v,
2218 439 2289 481 25.

133 507 291 543 aerata
320 514 411 544 non
441 509 540 543 sunt
570 516 699 544 saeva
729 502 801 544 vel
829 504 1088 558 perniciosa,
1116 503 1191 545 sed
1213 503 1371 559 quibus
1394 518 1465 546 aes
1487 502 1722 559 praefixum
1744 511 1824 557 est,
1853 504 2075 560 xahxvipq:
2105 512 2290 549 aeratae

134 569 258 610 etiam
286 583 424 611 naves
454 568 656 611 dicuntur
688 571 714 612 i.
749 584 784 612 e.
815 584 913 612 aere
943 572 1143 612 munitae.
1175 593 1228 602 --
1253 586 1298 613 ν.
1320 571 1388 612 26.
1417 570 1668 628 Hostiaque
1694 586 1720 613 e
1746 571 1880 629 plena
1909 575 2094 628 mystica
2120 587 2289 630 porcus

133 633 260 677 hara.
294 635 358 677 Ita
371 636 677 678 'Lachmannus
700 651 750 679 ex
770 637 892 680 libris
915 637 1160 694 divulgavit.
1193 639 1324 680 Varia
1347 640 1555 694 scriptura
1576 645 1656 680 est:
1677 637 1826 681 hostia
1845 641 1929 682 erit
1948 640 2082 696 plena
2101 642 2288 696 mystica

134 715 302 757 por-cus
330 701 444 744 hara
476 718 613 759 eaque
643 703 823 759 probata
852 713 914 747 est
942 704 1238 756 Broukhusio,
1270 706 1443 762 Heynio
1475 712 1516 747 et
1542 704 1786 748 Huschkio:
1818 721 1898 762 pro
1928 709 2113 762 mystica
2147 715 2288 751 tamen

133 768 262 811 iidem
292 778 581 826 reposuerunt
611 774 801 822 rustica,
832 772 951 828 quod
980 774 1024 814 in
1056 775 1202 828 paucis
1232 773 1352 815 libris
1379 774 1603 829 reperitur.
1639 772 1777 815 Etiam
1808 774 2031 816 Dissenius
2061 776 2106 817 in
2135 777 2288 818 ceteris

136 837 409 881 Lachmanno
441 841 713 880 consentiens
743 842 910 882 rustica
941 839 1069 882 scribi
1098 840 1255 883 maluit.
1310 840 1439 896 Apud
1469 840 1719 891 Horatium,
1750 841 1897 884 (1.111.
1922 842 1994 890 17,
2026 842 2110 892 15.,
2145 841 2288 884 Genio

134 918 293 959 porcus
313 904 547 957 bimestris,
580 906 711 948 Serm.
734 906 786 949 ΙΙ.
808 907 856 958 3,
885 908 979 949 164.
1012 907 1195 950 Laribus
1215 922 1373 964 porcus
1401 922 1475 950 seu
1497 921 1626 963 porca
1647 907 1904 950 immolatur.
1937 907 2064 951 Conf.
2085 909 2212 951 Voss.
2233 907 2291 951 ad

134 971 252 1027 Virg.
263 970 408 1028 Eclog.
422 972 451 1014 l.
461 973 500 1014 6.
515 980 556 1014 et
567 971 756 1014 Huschk.
773 973 826 1015 ad
842 973 881 1015 h.
897 973 922 1015 l.
951 974 1013 1016 Ex
1032 975 1095 1016 his
1113 974 1218 1016 locis
1236 973 1498 1030 intelligitur,
1519 982 1685 1017 veteres
1704 989 1883 1031 porcum
1901 989 1982 1031 pro
1999 975 2289 1018 incolumitate

136 1046 177 1080 et
207 1037 344 1080 salute
364 1053 526 1082 vovere
545 1040 696 1082 solitos
721 1055 826 1082 esse.
857 1040 964 1083 Inde
987 1041 1209 1093 Tibullus,
1240 1044 1275 1084 si
1305 1041 1448 1084 salvus
1478 1057 1527 1083 ex
1547 1040 1664 1084 bello
1695 1041 1892 1093 redisset,
1921 1056 2099 1098 porcum
2129 1052 2176 1084 se
2202 1041 2289 1085 deo

136 1105 335 1147 daturum
356 1108 485 1148 vovit.
525 1106 618 1150 Cur
637 1110 823 1162 mystica
846 1108 981 1150 hostia
1003 1109 1275 1165 appelletur,
1295 1123 1384 1151 non
1406 1109 1553 1165 liquet.
1593 1109 1690 1150 Nec
1719 1111 1828 1150 enim
1858 1111 1928 1159 iis,
1961 1123 2072 1164 quae
2093 1109 2291 1152 Muretus

135 1173 260 1215 affert
281 1174 385 1215 Var.
410 1174 543 1216 Lectt.
565 1174 636 1217 111.
663 1190 696 1217 c.
720 1176 755 1217 7.
786 1190 852 1217 res
883 1178 982 1218 satis
1011 1176 1265 1228 illustratur,
1305 1178 1428 1218 etiam
1459 1177 1512 1226 si,
1551 1174 1594 1216 id
1627 1175 1745 1230 quod
1776 1176 2002 1217 Dissenius
2032 1176 2150 1226 facit,
2188 1190 2290 1219 con-

136 1242 337 1291 cesseris,
368 1241 525 1283 Larum
555 1257 674 1284 sacra
705 1258 797 1284 cum
821 1243 990 1286 Cereris
1021 1246 1148 1286 sacris
1178 1243 1338 1300 aliquid
1369 1242 1652 1286 similitudinis
1682 1242 1892 1285 habuisse.
1937 1242 2121 1286 Rustica
2151 1251 2290 1286 autem

134 1309 339 1350 Dissenio
370 1311 498 1365 magis
528 1309 738 1366 probatur
768 1318 994 1366 propterea
1014 1345 1024 1363 ,
1060 1314 1157 1367 quia
1188 1311 1386 1353 Tibullus
1423 1325 1600 1367 porcum
1633 1325 1683 1351 ex
1722 1312 1856 1366 copiis
1890 1313 2290 1367 ruris-promiserit.

136 1374 302 1426 Video,
332 1376 436 1431 quid
466 1378 644 1418 senserit
664 1379 728 1421 vir
749 1377 1028 1420 doctissimus.
1072 1378 1318 1420 Arbitratur
1347 1380 1455 1420 enim
1488 1380 1705 1436 epitheton
1727 1382 1894 1422 rustica
1923 1394 1946 1421 a
1976 1387 2105 1436 poeta
2133 1381 2290 1422 iccirco

138 1443 373 1494 delectum,
406 1451 452 1486 ut
479 1444 805 1500 intelligeretur,
837 1446 910 1500 qui
933 1445 1062 1488 modo
1083 1445 1204 1487 miles
1235 1446 1401 1496 fuisset,
1433 1460 1547 1497 eum,
1575 1449 1610 1488 si
1642 1461 1691 1488 ex
1721 1446 1841 1488 bello
1872 1449 2134 1497 revertisset,
2164 1449 2291 1489 rusti-

136 1517 345 1552 caturum:
376 1513 589 1553 rusticum
618 1526 719 1567 ergo
743 1511 849 1553 haec
874 1526 970 1554 eum
1002 1527 1121 1554 sacra
1151 1512 1371 1555 facturum.
1417 1513 1502 1555 Sed
1526 1517 1625 1555 num
1648 1522 1878 1570 propterea
1907 1516 1998 1570 ipsa
2029 1514 2165 1556 hostia
2194 1522 2291 1571 apte

136 1579 324 1633 potuerit
353 1580 520 1620 rustica
552 1579 666 1629 dici,
705 1579 977 1621 vehementer
1006 1580 1170 1623 dubito.
1231 1582 1328 1623 Nec
1356 1595 1463 1623 vero
1500 1581 1554 1622 de
1585 1581 1782 1637 populari
1821 1583 2025 1637 opinione
2057 1581 2111 1624 ad
2140 1595 2292 1624 recon-

140 1646 305 1688 ditioris
335 1648 480 1688 nescio
512 1649 632 1689 cuius
663 1647 882 1690 doctrinae
913 1661 1065 1689 arcana
1094 1647 1315 1689 deflexisse
1345 1646 1562 1689 Tibullum
1593 1655 1750 1703 putem.
1793 1648 1957 1689 Etenim
1985 1662 2095 1703 quae
2130 1647 2183 1690 de
2211 1648 2291 1690 hac

139 1714 275 1755 hostia
306 1713 434 1755 tradit
464 1715 606 1756 Varro
637 1714 690 1756 de
720 1730 752 1757 r.
783 1730 814 1756 r.
840 1714 865 1756 l.
889 1715 1006 1765 11.4‚
1036 1714 1095 1765 9.,
1126 1714 1180 1756 ad
1211 1714 1418 1756 tuendum
1448 1715 1664 1770 epitheton
1691 1718 1900 1771 mysticus
1929 1714 2072 1757 valere
2101 1715 2202 1757 mihi
2229 1718 2291 1757 vi-

140 1779 304 1822 dentur.
337 1779 556 1836 Quicquid
586 1788 674 1832 est,
709 1796 803 1822 cum
834 1783 885 1823 iu·
907 1789 1097 1823 veterum
1128 1780 1502 1837 superstitionibus
1535 1781 1648 1823 haud
1685 1796 1819 1838 pauca
1848 1783 2142 1838 reperiantur,
2180 1796 2290 1838 quae

137 1849 229 1902 ipsa
259 1854 496 1903 temporum
525 1855 735 1890 vetustate
764 1851 821 1891 ita
851 1851 933 1891 sint
960 1848 1210 1900 obscurata,
1241 1856 1287 1890 ut
1317 1849 1467 1905 dispici
1497 1864 1518 1891 a
1546 1849 1673 1891 nobis
1702 1857 1936 1906 nequeant,
1966 1852 2176 1905 scriptura
2197 1865 2291 1906 my-

140 1917 253 1957 stica
284 1915 493 1957 servanda
525 1923 589 1957 est
620 1919 784 1971 potius,
814 1931 939 1972 quam
969 1916 1213 1959 reiicienda.
1261 1917 1373 1958 Nam
1405 1917 1522 1972 quod
1555 1918 1584 1960 1.
1613 1918 1657 1967 l,
1684 1918 1751 1958 23.
1782 1920 1825 1959 in
1854 1917 1967 1959 libro
1990 1917 2291 1971 Guarneriano

138 1981 326 2038 Vulpius
357 1984 414 2024 ait
443 1985 645 2038 scriptum
677 1998 771 2025 esse
792 1987 997 2039 mystica,
1029 1984 1145 2026 docti
1168 1984 1384 2026 cuiusdam
1413 1987 1597 2036 somnio,
1624 1999 1712 2027 non
1743 1984 2014 2027 librariorum
2037 1984 2190 2040 culpae
2218 1987 2291 2027 tri-

74 2053 88 2109 3'
140 2049 361 2091 buendum
391 2057 526 2105 puto:
567 2050 701 2093 multo
733 2058 846 2093 certe
875 2051 1039 2100 facilius
1067 2054 1256 2109 opineris
1285 2055 1470 2108 mystica
1502 2068 1523 2094 a
1552 2050 1734 2095 librariis
1763 2055 1806 2094 in
1835 2055 2027 2103 rustica,
2058 2066 2183 2108 quam
2211 2052 2295 2095 hoc

75 2114 107 2141 '⁴⁴
139 2119 181 2158 in
210 2116 318 2158 illud
347 2123 549 2159 mutatum
590 2132 696 2159 esse.
754 2119 913 2160 Maiori
951 2121 1072 2160 etiam
1111 2120 1339 2162 offensioni
1377 2122 1477 2162 viris
1518 2120 1655 2162 doctis
1685 2119 1814 2162 verba
1847 2127 1966 2162 erant
2004 2118 2238 2176 hostiaque
2267 2133 2292 2161 e

138 2183 272 2241 plena
293 2207 346 2214 -
368 2183 498 2225 hara:
531 2184 808 2240 quamobrem
836 2185 908 2227 alii
931 2185 1123 2228 arbitrati
1153 2193 1270 2237 sunt,
1301 2194 1398 2242 post
1420 2194 1727 2243 pentametrum
1758 2194 1894 2228 totum
1921 2186 2130 2229 distichon
2159 2187 2291 2227 inter-

141 2251 313 2302 cidisse,
345 2250 415 2292 alii
447 2252 722 2294 emendarunt
751 2252 898 2295 hostia
929 2255 1013 2294 erit
1041 2253 1174 2309 plena
1197 2277 1250 2285 —-
1272 2252 1407 2305 hara,
1445 2261 1492 2296 ut
1520 2253 1720 2296 videlicet
1750 2261 1876 2303 esset,
1908 2268 1957 2295 ex
1985 2267 2073 2309 quo
2099 2255 2292 2295 nomina—

139 2320 250 2360 tivus
279 2317 427 2361 hostia
460 2319 678 2374 penderet.
743 2321 798 2362 At
834 2320 918 2361 hoc
955 2319 1085 2361 modo
1122 2334 1234 2361 nova
1276 2323 1440 2376 paritur
1475 2320 1702 2362 difficultas
1739 2322 1947 2362 orationis
1988 2319 2290 2376 expediendae.

143 2386 268 2441 Quae
299 2393 361 2428 est
392 2388 502 2427 enim
531 2388 638 2428 ratio
670 2386 954 2430 ablativorum
981 2387 1116 2443 plena
1148 2386 1294 2430 hara?
1342 2387 1686 2430 Klindworthius
1717 2387 1886 2444 quidem
1914 2388 2048 2444 plena
2077 2386 2189 2429 hara
2223 2401 2292 2429 ex-

139 2453 269 2509 plicat
295 2455 341 2495 in
368 2453 428 2509 pl.
458 2452 598 2495 hara:
633 2462 676 2496 at
714 2470 809 2496 cum
848 2457 1039 2512 proxime
1069 2457 1251 2510 positum
1286 2456 1338 2496 sit
1373 2469 1564 2511 sequar,
1605 2461 1801 2496 neutrum
1833 2454 2014 2510 quadrat
2042 2468 2183 2509 neque
2217 2452 2291 2494 bei

140 2519 294 2562 vollem
317 2519 451 2564 stalle
471 2535 615 2577 neque
637 2524 690 2562 im
712 2522 856 2564 vollen
879 2521 1029 2563 Stalle:
1061 2522 1137 2563 sed
1167 2524 1407 2564 necessario
1429 2524 1661 2577 requiritur
1679 2537 1714 2564 e.
1751 2523 1858 2563 Rem
1879 2522 2105 2564 Dissenius
2127 2522 2292 2576 egregie

141 2587 353 2642 expedivit
390 2590 722 2643 interpretatus:
761 2589 844 2631 tela
883 2604 962 2631 vos
993 2589 1124 2631 Lares
1161 2589 1361 2646 depellite
1399 2588 1668 2645 depellatque
1710 2589 1874 2640 hostia,
1920 2603 2045 2644 quam
2081 2586 2290 2629 mactabo.

143 2654 269 2697 Conf.
297 2653 427 2697 ovid.
449 2656 629 2698 Heroid.
651 2657 728 2711 Ep.
759 2658 808 2697 X.
840 2656 877 2698 5.
904 2659 947 2698 iu
979 2671 1065 2712 qno
1094 2672 1161 2699 me
1191 2671 1451 2712 somnusque
1479 2671 1596 2699 meus
1624 2656 1732 2699 male
1763 2655 1952 2712 prodidit
1978 2662 2020 2697 et
2047 2662 2094 2697 tu
2125 2670 2203 2710 per
2230 2655 2292 2697 fa·

142 2724 261 2763 cinus
291 2724 449 2764 somnis
479 2723 675 2766 insidiate
706 2726 820 2766 meis.
861 2723 966 2765 haec
1001 2731 1138 2766 tamen
1177 2724 1305 2780 plana
1337 2731 1378 2766 et
1406 2724 1539 2780 polita
1569 2731 1692 2766 sunt:
1732 2724 1832 2774 illa,
1876 2723 2025 2779 quidni
2063 2722 2291 2773 fateamur,

143 2789 361 2845 aliquanto
390 2790 672 2845 impeditiora.
705 2815 754 2821 -—
788 2806 827 2832 v.
855 2791 910 2831 35
941 2797 983 2832 et
1011 2792 1078 2834 36.
1117 2790 1207 2834 Sed
1235 2790 1389 2834 audax
1420 2791 1636 2834 Cerberus
1665 2797 1709 2833 et
1739 2790 1922 2848 Stygiae
1949 2791 2102 2832 navita
2129 2792 2289 2847 puppis

143 2871 297 2913 aquae.
334 2856 551 2899 Cerberus
570 2857 742 2911 ferox,
771 2858 1014 2915 improbus,
1042 2861 1263 2911 immanis,
1294 2865 1394 2901 ater
1421 2859 1490 2900 hic
1518 2856 1671 2900 audax
1702 2858 1952 2914 appellatur.
1981 2856 2091 2899 conf.
2112 2856 2289 2899 Hesiod.

144 2925 303 2980 Theog.
322 2924 417 2966 312,
448 2923 645 2979 κέρβερου
669 2925 848 2968 ἀναιδέα
866 2944 909 2968 τε
932 2925 1136 2980 κρατερόν
1157 2944 1211 2968 τε.
1252 2926 1394 2969 Saevo
1426 2929 1536 2969 enim
1566 2926 1722 2969 latratu
1742 2925 1915 2968 umbras
1940 2931 2065 2981 urget
2095 2931 2137 2966 et
2162 2930 2290 2966 terr-et
