2462 3112
1189 112 1273 151 XX

155 242 248 269 rum
278 228 485 282 scriptura
507 227 706 278 Heinsio,
736 227 920 284 Vulpio‚
951 227 1195 280 Huschkio,
1224 228 1516 283 Lachmanno,
1539 230 1741 275 Dis-senio
1772 231 1954 288 probata
1978 240 2054 275 est.
2088 232 2137 275 ln
2159 235 2308 290 paucis

158 294 276 342 libris
309 293 463 350 legitur
493 301 722 336 aratores:
759 309 868 350 quae
897 297 1105 350 scriptura
1134 294 1409 339 Broukhusio
1439 298 1530 340 visa
1557 305 1621 341 est
1647 298 1782 342 multo
1814 300 2057 356 elegantior.
2107 302 2329 358 Heynius.

156 376 410 417 quamquam
440 362 619 403 Heinsio
651 364 882 412 consentit,
911 367 1120 403 aratores
1152 363 1275 418 epico
1303 364 1451 418 magiS,
1481 378 1606 419 quam
1637 364 1823 421 elegiaco
1854 369 2026 410 carmini
2057 370 2307 420 convenire,

154 428 300 470 haeret
315 435 472 479 tamen,
503 442 583 471 nec
600 443 704 470 vero
725 428 954 484 quidquam
976 427 1029 469 ad
1047 427 1362 470 sustentandam
1381 431 1631 486 scripturam
1648 439 1856 476 aratores
1871 434 2019 485 affert,-
2040 435 2115 477 sed
2133 437 2308 478 miratur

153 495 314 546 solum,
345 510 421 537 cur
437 495 623 551 Vulpius
644 502 762 537 tanto
790 510 880 537 eam
900 494 1068 536 fastidio
1087 497 1291 537 reiecerit.
1327 497 1470 552 Atque
1494 497 1744 550 Jacobsius,
1772 515 1866 542 cum
1884 501 2069 557 Vulpius
2088 509 2306 559 negasset,

151 561 321 613 boves,
356 565 429 618 qui
459 562 650 604 nondum
678 569 892 613 aruissent,
927 561 1002 603 sed
1033 563 1193 603 araturi
1227 569 1397 614 essent,
1438 562 1527 606 ullo
1564 572 1692 620 pacto
1728 569 1920 622 potuisse
1957 576 2166 612 aratores
2203 569 2307 620 dici,

155 644 250 671 eum
282 632 339 671 ita
369 629 543 681 refellit,
574 637 619 672 ut
644 636 853 672 aratores
877 643 956 685 per
984 628 1204 685 prolepsin
1234 629 1390 671 dictum
1421 645 1514 673 esse
1544 639 1757 676 statueret.
1803 634 2069 691 Suffragatur
2099 639 2137 678 ei
2163 636 2304 680 Jacob

157 703 337 752 quaestt.
370 699 501 753 epicc.
534 712 573 752 p.
607 697 702 739 156.
754 695 870 738 Idem
908 699 1090 738 sensisse
1123 695 1344 753 Gruppius
1379 697 1572 749 videtur,
1611 702 1685 756 qui
1713 701 1860 743 Puccii
1893 717 2019 757 quam
2047 711 2173 746 vocat
2202 718 2304 746 con-

152 766 356 806 iecturam
387 766 621 820 scripturae
650 770 863 806 araturos
893 771 1155 820 anteponere
1192 778 1280 806 non
1311 763 1580 808 dubitaverit.
1641 766 1774 822 Quod
1805 780 1940 822 genus
1972 768 2178 824 loquendi
2203 785 2305 826 pro-

153 831 282 887 lepsis
313 831 486 882 dicitur,
519 846 572 873 eo
604 845 857 887 quamquam
888 831 1003 886 apud
1033 838 1181 887 poetas
1211 831 1314 872 nihil
1344 839 1407 874 est
1432 832 1696 888 frequentius
1728 834 1866 886 (conf.
1884 834 2038 876 Jacob.
2058 835 2128 878 l.l.
2149 851 2189 892 p.
2208 837 2304 880 137.

153 914 244 954 sqq.
265 906 305 941 et
321 900 416 942 Axt.
436 898 488 941 ad
507 900 682 940 Vestrit.
701 899 826 954 Spur.
843 914 884 954 p.
901 900 1008 950 62.):
1041 898 1238 954 equidem
1262 906 1398 941 tamen
1421 900 1474 942 ad
1496 900 1599 941 haec
1620 903 1980 957 interpretationis
2002 902 2197 954 artificia,
2228 903 2306 947 ubi

152 980 247 1009 non
266 980 443 1008 necesse
470 966 614 1017 fuerit,
645 966 876 1021 confugere
899 965 1029 1007 nolim
1048 967 1228 1016 veritus,
1253 980 1308 1008 ne
1327 973 1484 1008 temere
1502 975 1669 1010 nostras
1687 971 1870 1024 argutias
1890 968 2106 1011 veteribus
2125 972 2305 1027 scripto-

152 1033 271 1075 ribus
302 1033 540 1089 largiamur.
575 1034 708 1088 Atqui
732 1047 842 1088 quae
872 1035 924 1074 sit
955 1033 1036 1074 hoc
1066 1032 1164 1074 loco
1194 1035 1423 1075 necessitas
1454 1036 1517 1076 rei
1547 1049 1623 1090 per
1643 1035 1861 1091 prolepsin
1893 1035 2186 1092 explicandae,
2213 1051 2304 1080 non

151 1103 382 1156 perspicio,
413 1103 661 1157 praesertim
685 1115 778 1141 eum
803 1107 967 1142 servata
991 1101 1198 1155 scriptura
1214 1107 1428 1143 araturos
1448 1101 1687 1145 luculenter
1708 1103 1941 1154 indicetur,
1969 1103 2022 1145 ad
2050 1105 2167 1160 quod
2194 1119 2304 1163 opus
2346 1140 2350 1144 .

151 1167 287 1210 boves
318 1183 341 1209 a
371 1175 522 1210 natura
552 1169 651 1210 facti
681 1168 967 1223 destinatique
999 1170 1092 1210 sint.
1144 1169 1289 1224 ltaque
1312 1170 1389 1210 etsi
1411 1168 1586 1212 dubium
1616 1185 1704 1213 non
1731 1178 1813 1222 est,
1845 1173 1947 1226 quin
1970 1174 2178 1227 scriptura
2202 1188 2306 1216 ara-

150 1242 274 1278 tores
303 1239 438 1292 possit
468 1236 660 1286 defendi,
691 1242 831 1276 tamen
862 1250 956 1277 cum
987 1235 1105 1277 alteri
1137 1238 1369 1291 scripturae
1400 1237 1513 1279 haud
1553 1237 1650 1280 leve
1683 1246 1940 1280 momentum
1979 1240 2152 1282 accedat
2185 1242 2305 1284 codi-

152 1317 247 1344 cum
279 1305 536 1354 auctoritas,
576 1317 756 1358 cumque
795 1316 883 1344 non
913 1305 1050 1344 minus
1092 1317 1141 1344 ea
1172 1302 1435 1354 declaretur,
1474 1304 1627 1346 Pacem
1668 1312 1886 1347 auctorem
1921 1305 2051 1347 fuisse
2081 1305 2216 1349 hoves
2247 1307 2301 1351 ad

150 1385 273 1414 usum
295 1373 495 1412 arationis
515 1370 736 1419 domandi,
765 1382 842 1424 ego
860 1369 967 1411 hanc
990 1371 1120 1425 ipsam
1140 1372 1387 1425 scripturam
1412 1377 1625 1413 araturos
1649 1372 1969 1427 praeferendam
1993 1380 2100 1429 puto
2125 1376 2302 1430 scriptu-

149 1451 224 1479 rae
254 1444 474 1480 aratores.
535 1438 651 1479 Num
682 1436 813 1487 illud,
852 1451 975 1491 quam
1014 1438 1096 1479 hoc
1132 1439 1302 1479 suavius
1333 1437 1587 1493 dulciusque
1617 1447 1742 1481 sonet
1772 1439 1897 1491 (vide
1928 1440 2120 1483 Praesck.
2150 1442 2300 1498 Progr.

153 1504 362 1559 Gymnas.
392 1504 634 1546 Brandenb.
665 1504 781 1546 Now
814 1504 923 1545 1837
960 1520 1000 1560 p.
1038 1506 1153 1558 17.),
1198 1504 1243 1546 id
1281 1519 1360 1546 suo
1397 1507 1551 1560 cuique
1587 1508 1751 1547 aurium
1787 1505 1947 1548 iudicio
1984 1507 2301 1551 decernendum

152 1573 363 1628 relinquo.
427 1574 596 1624 Restat,
628 1579 674 1614 ut
708 1572 841 1613 dicam
871 1572 925 1613 de
955 1574 1155 1614 varietate
1186 1575 1420 1628 scripturae
1451 1587 1588 1615 curva
1619 1580 1660 1615 et
1687 1572 1858 1630 panda:
1897 1581 2123 1631 utrumque
2154 1590 2300 1618 sanum

154 1648 195 1682 et
226 1640 410 1696 probum
445 1648 531 1682 est:
576 1647 716 1681 utrum
756 1642 973 1695 scripserit
1005 1639 1205 1682 Tibullus
1224 1672 1234 1690 ,
1273 1642 1367 1695 quis
1398 1654 1477 1695 pro
1515 1647 1635 1682 certo
1667 1641 1790 1682 dicat.
1830 1640 1921 1682 sola
1951 1644 2078 1697 igitur
2106 1643 2299 1686 codicum

153 1710 402 1750 auctoritate
448 1707 764 1750 decernendum
814 1709 918 1757 erit,
971 1715 1111 1748 utrum
1154 1707 1330 1762 legatur.
1399 1708 1532 1748 Etiam
1574 1706 1704 1749 Ovid.
1741 1708 1851 1749 Fast.
1895 1708 1966 1749 lV.
2004 1709 2128 1750 216.:
2171 1725 2300 1752 curva

151 1777 267 1830 iuga:
297 1776 565 1831 frequentius
597 1782 734 1816 tamen
767 1773 879 1829 apud
914 1774 1026 1816 hunc
1054 1776 1305 1829 scriptorem
1333 1772 1486 1830 panda
1517 1788 1633 1824 esse,
1663 1777 1743 1816 viri
1774 1774 1888 1816 docti
1920 1775 2215 1820 observarunt.
2246 1802 2300 1809 —

152 1858 189 1883 v.
214 1843 280 1885 49.
306 1842 423 1907 jace
443 1841 595 1884 bidens
617 1856 856 1897 vomerque
875 1843 1039 1898 vigent.
1085 1841 1133 1883 ln
1155 1848 1336 1896 excerpt.
1359 1840 1507 1896 Scalig.
1528 1844 1661 1891 nitet,
1692 1841 1806 1882 unde
1830 1840 2012 1884 Guietus
2036 1844 2302 1888 emendando

152 1909 322 1952 refinxit
351 1912 503 1952 nitent.
561 1909 808 1965 Speciosum
841 1922 963 1950 sane:
997 1908 1071 1950 sed
1103 1923 1197 1950 cum
1228 1909 1310 1949 hoc
1343 1911 1438 1964 ipso
1467 1910 1615 1964 vigore
1643 1908 1793 1950 bidens
1825 1916 1865 1950 et
1894 1923 2042 1952 vomer
2069 1913 2302 1964 nitescant,

152 1977 243 2028 illa,
275 1979 363 2019 sive
393 1979 600 2032 scriptura
631 1983 693 2017 est
723 1979 812 2016 sive
845 1977 1087 2017 coniectura
1141 1990 1195 2017 ne
1233 1977 1472 2030 assequitur
1501 1975 1670 2031 quidem
1701 1978 1782 2016 vim
1814 1975 1932 2018 verbi
1962 1979 2148 2034 vigent,
2182 1979 2301 2034 quod

153 2047 354 2100 quoniam
385 2044 599 2086 assiduum
629 2045 852 2098 utriusque
882 2044 1150 2084 instrumenti
1181 2057 1302 2084 usum
1329 2042 1512 2094 indicat,
1542 2042 1749 2098 neglectis
1779 2058 1827 2085 ac
1856 2043 2092 2102 iacentibus
2119 2048 2242 2088 armis
2276 2061 2299 2089 e

149 2114 325 2167 regione
355 2113 600 2167 opponitur.
656 2110 855 2153 Ceterum
891 2118 937 2151 ut
955 2109 1114 2163 fervet
1144 2125 1255 2166 opus
1276 2109 1454 2165 (Virgil.
1480 2111 1586 2151 Aen.
1617 2110 1646 2151 l.
1672 2110 1817 2162 436.)‚
1853 2110 1968 2153 bella
1999 2111 2149 2154 calent
2186 2114 2299 2164 (vid.

151 2178 298 2235 paullo
325 2178 482 2230 infra),
511 2180 567 2220 ita
597 2178 679 2222 hoc
709 2177 807 2218 loco
833 2179 986 2234 vigent
1012 2177 1167 2218 dictum
1200 2184 1271 2218 est.
1306 2176 1437 2218 Ovid.
1456 2177 1570 2219 Fast.
1587 2178 1641 2218 V.
1658 2177 1774 2219 279.:
1806 2184 1943 2219 cetera
1974 2177 2162 2220 luxuriae
2191 2193 2300 2222 non-

152 2247 252 2288 dum
282 2249 554 2288 instrumenta
585 2243 798 2300 vigebant.
822 2269 873 2277 —
905 2259 942 2285 v,
965 2244 1031 2286 51.
1062 2243 1272 2285 Rusticus
1302 2258 1326 2285 e
1354 2243 1543 2300 lucoque
1569 2241 1687 2285 vehit
1718 2243 1832 2285 male
1859 2243 2034 2286 sobrius
2061 2247 2154 2302 ipse
2177 2246 2300 2290 Uxo-

152 2328 246 2355 rem
268 2320 347 2355 cet.
387 2311 596 2353 Particula
620 2327 704 2369 que
733 2313 861 2353 tertio
883 2310 983 2353 loco
1006 2313 1144 2366 posita
1165 2313 1302 2352 minus
1323 2310 1451 2353 habet
1483 2310 1751 2361 offensionis,
1783 2312 1880 2365 quia
1911 2315 2174 2367 praepositio
2203 2328 2298 2355 cum

151 2381 415 2423 substantivo
447 2381 601 2420 arctius
633 2381 775 2420 iuncta
817 2386 879 2420 est
910 2385 951 2419 et
991 2380 1111 2432 quasi
1146 2377 1314 2419 coaluit.
1375 2377 1504 2419 Ovid.
1533 2384 1608 2418 art.
1636 2384 1757 2419 amat.
1783 2376 1809 2418 l.
1836 2378 1908 2418 111.
1936 2378 2029 2419 22:
2065 2381 2109 2421 in
2138 2379 2299 2422 medios

152 2447 410 2502 desiluitque
439 2459 580 2501 rogos.
636 2444 749 2486 Vide
780 2446 954 2486 omnino
987 2443 1175 2485 Huschk.
1198 2444 1250 2486 ad
1274 2444 1312 2485 h.
1335 2443 1360 2485 l.
1413 2443 1584 2500 Quodsi
1615 2445 1813 2499 Heynius
1845 2459 1928 2500 que
1955 2460 2050 2486 cum
2080 2453 2194 2502 grata
2223 2460 2300 2488 ne-

150 2516 345 2570 gligentia
375 2516 430 2555 ait
456 2515 641 2568 positum
674 2526 789 2561 esse,
821 2511 990 2552 fallitur.
1035 2512 1285 2552 Accuratius
1317 2510 1370 2552 de
1405 2511 1483 2552 hac
1512 2526 1558 2552 re
1589 2513 1670 2566 egit
1692 2511 1935 2562 Dissenius,
1966 2511 2117 2553 vellem
2148 2512 2298 2567 paullo

150 2582 320 2638 planius
352 2587 391 2622 et
422 2578 659 2621 dilucidius.
709 2578 799 2633 Qui
828 2577 911 2619 hoc
940 2577 1038 2618 loco
1071 2592 1155 2634 que
1184 2579 1287 2633 poni
1316 2580 1525 2632 potuerit,
1552 2577 1674 2619 facile
1703 2577 1933 2633 intelliges,
1963 2580 1997 2619 si
2029 2578 2172 2620 demto
2203 2594 2298 2622 ora-

151 2651 279 2691 tionis
310 2653 464 2689 ornatu
502 2648 749 2687 sententiam
788 2647 843 2686 ita
883 2643 1197 2700 explanaveris:
1237 2646 1416 2686 rusticus
1446 2659 1550 2699 pace
1578 2652 1622 2703 et
1651 2646 1695 2685 in
1722 2646 1807 2698 agri
1839 2659 1886 2686 ac
1915 2646 2059 2686 vitium
2092 2644 2298 2689 culturam

150 2714 356 2764 incumbit
386 2721 426 2756 et
455 2713 665 2768 voluptati
694 2715 816 2755 etiam
846 2719 973 2768 atque
1004 2712 1190 2754 laetitiae
1219 2726 1264 2754 se
1295 2711 1376 2754 dat.
1414 2711 1533 2752 Haec
1563 2710 1650 2753 duo
1678 2713 1791 2767 pacis
1822 2714 1943 2766 quasi
1962 2726 2158 2764 munera,
2189 2728 2300 2770 quae

149 2786 261 2825 vitae
283 2783 463 2824 rusticae
487 2780 740 2830 obveniunt,
771 2794 855 2821 una
880 2781 1138 2834 cogitatione
1170 2794 1264 2820 cum
1290 2777 1609 2834 complectenda
1639 2780 1738 2829 sint,
1770 2784 1866 2833 apte
1890 2780 2190 2822 coniunctione
2214 2796 2299 2837 que

154 2849 420 2906 copulantur.
443 2873 495 2880 —
536 2864 573 2889 v,
595 2847 663 2889 58.
693 2847 862 2889 Lentus
892 2854 1126 2903 utrumque
1154 2845 1291 2888 sedet.
1351 2845 1419 2887 Ad
1446 2844 1628 2901 lepidam
1658 2846 1788 2887 totius
1816 2846 2006 2901 imaginis
2035 2853 2298 2889 venustatem

150 2917 375 2974 plurimum
404 2915 518 2957 valet
549 2915 770 2971 epitheton
797 2914 960 2956 lentus:
993 2914 1110 2970 quod
1137 2927 1226 2956 non
1255 2913 1454 2955 videntur
1482 2914 1661 2957 sensisse
1682 2913 1762 2955 viri
1784 2911 1918 2964 docti,
1951 2914 2024 2968 qui
2048 2915 2296 2969 scripturam
