2462 3112
1242 102 1310 149 ,m

182 224 310 278 asta,
336 229 518 268 nancta:
549 235 735 279 quorum
758 235 911 271 unum,
941 221 1136 271 intacta,
1168 218 1460 276 copulandum
1492 225 1556 262 est
1580 233 1676 261 cum
1703 217 1841 261 verbo
1861 217 2040 261 volitet:
2072 217 2149 260 sed
2180 232 2275 260 cum
2303 219 2375 276 in.-

183 298 311 338 Ma
351 290 502 335 eadem
538 288 808 347 appelletur,
854 302 968 345 quae
1005 295 1167 331 sancta
1203 302 1387 345 cumque
1422 287 1602 329 alterum
1641 285 1780 327 altero
1824 284 2057 337 efficiatur,
2101 285 2208 327 haec
2244 286 2376 342 copia

184 359 311 405 fide
335 357 538 403 videatur
569 372 664 400 esse
691 359 832 401 nimia.
869 356 1021 399 Verba
1048 355 1208 406 ,Ovidii
1240 357 1446 409 (Metam.
1476 356 1508 397 Ι.
1536 354 1661 407 168.)
1694 356 1766 410 qui
1796 356 1963 411 possint
1993 354 2093 396 huic
2121 353 2221 396 loco
2255 342 2372 396 com*-

180 429 349 486 parati,
374 440 469 469 non
497 425 656 468 video:
693 424 856 468 habent
886 424 1071 481 aliquam
1101 439 1204 467 sane
1235 439 1330 466 cum
1363 422 1614 466 Tibulliano
1646 422 1744 464 loco
1777 421 2094 464 similitudinem
2113 456 2122 473 ,
2154 421 2231 464 sed
2265 420 2372 464 nihil

179 494 367 540 nolenti.
385 519 438 528 -
458 509 496 535 V.
516 494 584 536 36.
622 492 855 551 Expressa
883 492 1064 535 incultis
1094 507 1181 535 uva
1207 491 1331 535 dedit
1355 490 1554 550 pedibus.
1592 490 1722 546 Apud
1743 490 1949 532 Ovidium
1982 490 2185 542 (Metam.
2209 490 2257 531 ΙΙ,
2282 489 2372 541 29.)

177 565 277 621 Ῐφεο
293 564 558 606 Autumnus
584 562 772 605 calcatis
794 559 1009 605 sordidus
1039 563 1136 603 uvis
1164 559 1340 603 dicitur:
1371 558 1486 616 apud
1509 559 1780 614 Propertium
1813 558 1914 610 (ΙΙΙ.
1946 558 2017 609 17,
2050 556 2138 610 18.)
2170 558 2373 613 inquinet

181 646 268 675 uva
297 630 446 689 pedes.
495 631 635 673 Etiam
663 631 709 673 in
734 630 918 686 Epitom.
943 628 991 671 11.
1010 628 1222 672 Wernsd.
1254 629 1376 671 Tom.
1403 628 1481 669 IV.
1505 642 1542 668 v.
1567 625 1686 668 292:
1716 623 1890 684 gaudet
1917 626 2086 682 pressis
2116 623 2371 667 immundus

182 702 351 743 vinitor
381 702 489 742 uvis.
535 699 686 755 Itaque
716 712 807 741 non
835 698 1034 748 deerant,
1065 699 1139 753 qui
1167 696 1236 738 bic
1267 709 1443 752 quoque
1463 693 1643 737 incultis
1668 692 1927 749 explicarent
1950 691 2188 735 immundis
2208 699 2371 734 inustor

186 769 352 811 Verum
384 769 463 810 etsi
497 781 575 818 ea,
615 781 726 823 quae
755 765 951 822 neglecta
989 766 1153 815 iacent,
1190 764 1434 805 necessario
1475 760 1696 818 paullatim
1731 760 1934 803 sordibus
1967 768 2007 803 et
2040 760 2261 816 squallore
2292 759 2373 803 ob-

185 836 423 888 ducuntur,
453 849 582 892 saepe
615 836 737 877 etiam
769 849 839 877 res
867 830 1070 876 sordidae
1102 839 1143 874 et
1173 830 1432 887 squallidae,
1465 836 1511 871 ut
1537 827 1687 885 probri
1715 828 1873 870 invidia
1904 830 2141 877 minuatur,
2170 829 2371 871 incultae

183 911 414 948 vocantur:
455 911 596 947 tamen
626 918 716 946 non
747 910 908 946 temere
947 901 1051 943 baec
1078 899 1213 942 verba
1253 901 1367 941 inter
1396 913 1442 940 se
1473 896 1685 940 confundi
1717 903 1758 938 et
1790 897 2039 938 commutari
2070 910 2218 952 posse,
2254 901 2370 939 recte

181 979 444 1016 munerant
481 974 739 1029 interpretes
778 957 905 1013 buius
944 969 1031 1012 loci
1066 969 1327 1010 recentiores
1370 965 1509 1019 (conf.
1548 965 1661 1006 Diss.
1700 963 1754 1006 ad
1795 963 1833 1005 h.
1874 963 1942 1016 1.).
2003 964 2155 1019 ltaque
2187 963 2371 1005 Vossius

184 1040 313 1084 aliam
344 1042 560 1097 ingressus
591 1039 833 1097 explicandi
863 1038 990 1080 huius
1020 1036 1224 1080 vocabuli
1255 1038 1464 1078 rationem
1494 1034 1689 1077 incultos
1718 1032 1856 1090 pedes
1886 1035 1943 1074 ait
1972 1032 2133 1075 dictum
2163 1046 2255 1074 esse
2286 1046 2367 1088 pro

182 1109 459 1152 multorum
488 1107 715 1151 bominum
740 1106 890 1166 pedes.
931 1121 1059 1162 saepe
1087 1107 1197 1147 enim
1231 1103 1479 1146 attributum
1512 1118 1535 1144 a
1567 1109 1657 1144 tota
1686 1116 1734 1143 re
1766 1101 1818 1143 ad
1847 1102 1936 1143 eius
1964 1107 2105 1157 partes
2131 1100 2368 1147 transferri.

185 1177 331 1219 Vossii
362 1177 512 1233 opinio
543 1174 726 1232 probata
758 1183 822 1218 est
851 1176 1067 1217 Dissenio.
1116 1174 1261 1229 Atque
1292 1171 1470 1214 dubium
1504 1185 1598 1213 esse
1628 1172 1801 1226 nequit,
1832 1171 1938 1226 quin
1969 1169 2176 1225 quicquid
2207 1170 2367 1226 ingenii

184 1251 230 1288 et
248 1258 414 1287 morum
444 1247 516 1296 sit,
547 1244 602 1287 ad
629 1259 721 1286 eam
748 1245 944 1300 corporis
970 1249 1157 1299 partem,
1189 1255 1315 1298 quam
1347 1242 1411 1282 vis
1441 1239 1584 1295 aliqua
1617 1237 1671 1280 ab
1703 1240 1843 1281 animo
1872 1237 2064 1294 profecta
2089 1252 2192 1293 prae
2217 1239 2371 1280 ceteris

182 1311 380 1370 partibus
410 1312 632 1363 affecerit,
664 1320 779 1355 recte
809 1314 943 1368 possit
974 1310 1169 1354 traduci:
1211 1307 1490 1366 quamobrem
1521 1322 1611 1350 non
1640 1322 1739 1349 raro
1770 1306 1967 1349 membra
1998 1307 2149 1349 nescia
2168 1339 2177 1356 ‚
2210 1320 2371 1348 manus=

182 1379 368 1431 doctae,
395 1380 534 1439 pedes
559 1379 696 1424 rudes
724 1380 936 1423 dicuntur.
972 1393 1226 1436 quamquam
1251 1380 1293 1419 in
1318 1377 1402 1419 hoc
1427 1391 1586 1433 genere
1611 1375 1731 1418 latini
1755 1377 1964 1418 sermonis
1990 1389 2091 1417 usus
2116 1376 2371 1431 angustiori-

181 1448 265 1492 bus
296 1451 486 1492 terminis
516 1451 790 1500 continetur,
830 1463 955 1505 qnam
988 1447 1256 1490 Graecorum
1288 1445 1478 1488 audacia.
1539 1443 1626 1486 Sed
1666 1444 1749 1486 hoc
1786 1444 1886 1486 loco
1918 1459 2013 1485 cum
2044 1458 2147 1485 uvas
2181 1441 2370 1499 pedibus

183 1517 439 1560 conculcare
467 1517 631 1559 nullum
663 1519 716 1559 sit
745 1517 992 1567 artificium,
1023 1518 1118 1558 iure
1149 1522 1277 1571 negat
1299 1513 1570 1564 Huschkius,
1600 1527 1791 1555 caussam
1820 1527 1934 1562 esse,
1966 1526 2042 1554 cur
2072 1512 2266 1553 homines
2295 1517 2371 1552 aut

181 1585 319 1643 pedes
349 1600 498 1628 eorum
529 1584 687 1628 inculti
715 1589 947 1627 vocentur.'
977 1586 1013 1625 A
1042 1585 1127 1626 vita
1156 1590 1296 1624 autem
1323 1597 1374 1624 ac
1395 1580 1589 1624 moribus
1619 1580 1838 1623 hominum
1870 1580 1954 1622 hoc
1985 1579 2203 1635 epitheton
2233 1586 2371 1620 trans-

179 1653 296 1696 ferre
325 1653 380 1696 ad
410 1653 544 1710 pedes
569 1655 708 1709 iisque
734 1660 879 1695 notam
906 1653 1084 1695 feritatis
1120 1653 1294 1693 inurere
1312 1684 1321 1702 ‚
1352 1650 1396 1692 id
1427 1663 1605 1706 prorsus
1637 1651 1828 1704 ineptum
1861 1655 1944 1698 est,
1974 1649 2055 1689 nisi
2085 1647 2198 1689 forte
2222 1654 2369 1702 putas,

178 1723 304 1764 sicuti
322 1721 435 1778 apud
455 1721 661 1764 Ovidium
682 1721 890 1774 (Heroid.
907 1722 1041 1777 Epist.
1057 1720 1105 1770 3,
1125 1721 1184 1771 2.)
1206 1734 1366 1761 manus
1381 1717 1619 1760 barbarica
1640 1724 1713 1758 aut
1734 1716 1848 1773 apud
1871 1716 1977 1758 alios
1999 1730 2159 1757 manus
2178 1715 2369 1758 clemen-

183 1795 270 1838 tes,
299 1791 629 1832 incontinentes
661 1789 879 1841 dicantur,
911 1791 972 1830 sic
1002 1789 1085 1831 hoc
1108 1788 1215 1830 „loco
1244 1786 1383 1844 pedes
1407 1785 1629 1829 barbaros
1656 1785 1751 1828 dici.
1791 1786 1847 1826 At
1868 1783 2092 1826 commode
2119 1785 2369 1841 agrestium

184 1855 401 1898 hominum
426 1854 560 1911 pedes
583 1855 740 1899 inculti
769 1863 999 1898 vocantur:
1029 1869 1215 1911 namque
1247 1853 1293 1896 id
1324 1868 1459 1910 genus
1492 1853 1710 1895 hominum
1742 1867 1832 1895 non
1865 1859 2005 1901 curat,
2035 1859 2083 1893 ut
2115 1866 2190 1907 pes
2225 1859 2367 1911 tener,

181 1925 382 1979 exignus,
403 1923 581 1974 decens,
602 1923 810 1966 can'didus
828 1926 900 1966 sit:
917 1930 1014 1965 sunt
1032 1925 1160 1980 igitur
1177 1921 1334 1964 inculti
1346 1920 1484 1978 pedes
1504 1921 1671 1972 callosi,
1691 1921 1904 1971 indecori,
1924 1919 2129 1962 informes
2151 1918 2365 1975 (plumpe,

181 1990 323 2043 robe.)
370 1990 550 2047 Egregie
574 1999 714 2033 autem
733 1992 962 2034 Dissenius
986 1991 1142 2044 docet,
1174 2005 1253 2032 cur
1278 1989 1322 2032 id
1346 1992 1611 2046 potissimum
1645 1989 1866 2046 epitheton
1892 1987 2104 2030 delectum
2134 1989 2213 2029 sit:
2245 1995 2368 2030 erant

182 2060 294 2100 enim
314 2066 504 2114 agrestes
525 2059 718 2102 homines
736 2062 879 2116 primi,
905 2062 978 2116 qui
997 2058 1051 2101 ab
1072 2058 1248 2102 Osiride
1274 2057 1572 2100 edocerentur.
1605 2056 1814 2100 Ceterum
1837 2055 1966 2099 ovid.
1999 2057 2145 2098 Amor.
2167 2054 2197 2096 Ι.
2217 2054 2264 2105 8,
2295 2054 2365 2096 39.

181 2123 370 2168 Sabinae
401 2125 657 2168 immundae
687 2126 986 2183 appellantur,
1024 2140 1105 2182 pro
1144 2139 1232 2181 quo
1270 2127 1314 2166 in
1349 2124 1442 2167 aliis
1480 2124 1600 2167 libris
1644 2125 1800 2181 legitur
1837 2124 2061 2175 incultae,
2100 2123 2283 2164 fortasse
2315 2136 2367 2166 ex

181 2193 483 2236 emendatione
524 2196 769 2250 repositum.
830 2195 1033 2250 Denique
1072 2209 1168 2236 cum
1204 2192 1348 2236 verbis
1385 2207 1479 2236 non
1517 2195 1637 2235 notis
1674 2192 1913 2235 ‹ir-boribus
1952 2190 2115 2234 confer.
2156 2189 2363 2246 Calpurn-

178 2260 327 2318 Eclog.
347 2262 396 2304 X.
415 2261 503 2303 ⁴10st
537 2269 578 2304 et
607 2264 812 2320 ignotos,
844 2264 986 2318 pueri,
1018 2261 1180 2303 calcate
1211 2275 1429 2304 racemos.
1454 2285 1506 2293 —
1539 2276 1578 2302 v,
1608 2261 1676 2303 39.
1709 2276 1771 2316 sq.
1816 2258 2099 2303 Bacchuset
2129 2257 2364 2316 agricolae

177 2343 347 2387 magn-o
379 2329 593 2383 confecta
625 2329 783 2373 labore
802 2330 999 2372 Pectora
1021 2331 1230 2372 tristitiae
1257 2327 1549 2371 dissoluenda
1575 2327 1719 2371 dedit:
1750 2326 1958 2370 Bacchus
1983 2333 2028 2369 et
2058 2324 2247 2380 afflictis
2277 2331 2363 2368 cet.

178 2397 394 2440 Bacchum
420 2413 499 2454 per
520 2400 856 2441 immutationem
889 2413 971 2455 pro
992 2400 1096 2441 vino
1121 2399 1309 2455 positum
1336 2411 1450 2447 esse,
1481 2404 1680 2453 apparet:
1711 2395 1788 2438 sed
1809 2395 1924 2438 haud
1945 2397 2035 2437 scio
2065 2408 2118 2435 an
2144 2391 2188 2435 id
2210 2407 2362 2449 parum

178 2466 284 2507 scite
314 2463 470 2507 factum
502 2467 575 2507 sit:
608 2465 731 2508 facile
763 2467 874 2508 enim
906 2468 1001 2522 quis
1032 2467 1169 2522 possit
1199 2465 1283 2507 hoc
1312 2467 1487 2507 nomine
1518 2463 1685 2515 induci,
1719 2470 1768 2506 ut
1798 2465 2021 2520 opinetur,
2059 2463 2133 2518 qui
2163 2460 2361 2503 Bacchus

176 2531 345 2574 ditatus·
363 2565 374 2584 ,
405 2547 498 2575 esse
528 2532 701 2576 Osirim.
762 2534 924 2589 Neque
954 2548 1003 2575 ea
1022 2565 1032 2584 ‚
1072 2547 1184 2589 quae
1215 2539 1455 2588 sequuntur
1489 2539 1678 2589 pectora
1708 2529 1944 2589 agricolae
1975 2530 2183 2572 tristitiae
2217 2527 2363 2571 disso-

178 2599 346 2643 luenda
376 2599 522 2650 dedit,
553 2608 654 2643 sunt
685 2600 951 2657 politissima.
991 2600 1121 2656 Apud
1153 2599 1260 2642 alios
1291 2607 1445 2656 poetas
1474 2599 1728 2655 franguntur
1755 2597 1827 2640 vel
1854 2597 2145 2640 conficiuntur
2174 2610 2362 2652 corpora

179 2680 259 2709 seu
275 2666 465 2710 membra
496 2667 667 2720 labore,
696 2674 874 2725 pectora
905 2675 1044 2711 autem
1075 2670 1210 2718 curis,
1239 2681 1456 2719 moerore,
1489 2668 1716 2710 aerumnis.
1754 2667 1923 2708 Verum
1949 2663 2063 2708 istud
2083 2677 2174 2706 non
2192 2678 2361 2712 moror;

178 2733 309 2778 video
333 2738 478 2788 etiam,
510 2750 587 2778 cur
612 2743 744 2794 poeta
766 2742 958 2793 pectora
987 2738 1224 2793 scripserit,
1253 2749 1335 2778 nec
1363 2738 1538 2792 ignoro,
1569 2749 1700 2793 saepe
1725 2741 1904 2792 pectora
1932 2746 2014 2790 pro
2047 2734 2149 2788 ipsis
2179 2731 2363 2775 bomini-

178 2799 262 2844 bus
291 2804 415 2858 poni:
445 2810 488 2846 et
514 2810 657 2847 tamen
685 2818 754 2847 me
783 2819 904 2848 meae
934 2806 1174 2847 sententiae
1203 2818 1294 2847 non
1323 2805 1528 2861 poenitet.
1569 2802 1819 2860 Impeditam
1851 2815 1943 2844 esse
1974 2801 2237 2852 orationem,
2266 2814 2365 2843 sen-

177 2876 327 2912 serunt
355 2871 478 2913 etiam
495 2871 717 2925 Muretus,
746 2873 1034 2925 Passeratius,
1065 2872 1270 2925 Guietus‚
1303 2872 1528 2925 Heinsius,
1565 2873 1642 2928 qui
1662 2884 1810 2914 omnes
1831 2869 2030 2912 laetitiae
2047 2882 2129 2925 pro
2152 2869 2364 2911 tristitiae

176 2939 413 2993 repositum
443 2938 706 2992 maluerunt,
734 2955 822 2997 quo
854 2948 985 2993 esset,
1013 2942 1084 2984 cui
1112 2939 1294 2985 verbum
1325 2939 1450 2984 dedit
1481 2942 1830 2997 coniungeretur.
1860 2938 1919 2980 At
1945 2943 2061 2980 recte
2091 2938 2360 2998 recentiores
