2462 3112
1174 79 1322 118 XXIX

153 207 296 243 terrae
326 205 368 242 et
397 196 609 242 odoribus
641 198 684 239 in
718 210 767 239 ea
797 194 1075 239 nascentibus
1106 196 1219 239 conf.
1245 195 1355 239 Plin.
1374 196 1468 239 hist.
1487 202 1572 237 nat.
1593 196 1670 237 Vl.
1689 195 1757 237 32.
1783 195 1837 239 ad
1859 203 1960 238 extr.
1984 204 2024 238 et
2044 197 2232 254 Dionys.
2252 197 2344 240 Pe-

152 269 301 324 rieges.
321 265 408 314 936
425 279 518 322 sqq.
540 287 594 296 -—
622 277 658 306 v.
678 264 716 305 5.
748 263 1009 306 Productam
1040 262 1249 318 syllabam
1279 266 1324 306 in
1353 265 1463 306 tertii
1489 262 1614 319 pedis
1639 276 1818 305 caesura
1843 263 2038 306 defendit
2064 264 2336 307 Huschkius:

152 336 222 376 cui
247 346 338 379 non
368 332 622 377 adversatur
639 331 886 376 Dissenius:
917 332 952 373 is
979 338 1120 373 tamen
1147 333 1342 381 miratur,
1373 346 1452 372 cur
1468 329 1690 381 'libullus
1722 345 1816 373 cum
1846 330 1944 387 plus
1966 332 2174 387 ponderis
2205 334 2260 374 sit
2289 333 2358 374 in

151 399 297 460 verbis
323 402 419 458 ipse
446 423 500 432 —
536 396 681 450 adsit,
717 412 806 442 non
839 400 1056 455 scripserit
1094 398 1198 455 Ipse
1225 412 1336 441 suos
1366 397 1486 441 adsit
1519 398 1688 441 Genius
1719 401 1895 442 visurus
1926 398 2137 442 honores.
2197 399 2333 451 Mihi,

152 475 200 511 ut
227 481 311 511 vox
343 467 512 510 Genius
541 474 638 509 ante
668 465 850 508 verbum
891 464 1010 508 adsit
1040 464 1331 508 collocaretur
1349 498 1359 517 ,
1397 467 1652 523 pronomina
1687 468 1781 523 ipse
1809 481 1919 510 suos
1953 466 2155 509 videntur
2184 473 2331 523 postu·

151 534 284 578 lasse:
313 535 422 577 baec
449 536 693 576 necessario
719 535 854 590 excipi
886 531 1105 576 debebant
1133 536 1308 576 nomine
1333 534 1519 576 Genius:
1551 535 1699 576 traiice
1729 534 1774 575 id
1799 548 1978 585 nomen,
2006 542 2047 576 et
2069 535 2207 576 statim
2238 547 2335 576 sen-

152 603 254 654 ties,
283 616 411 659 quam
440 600 550 644 illud
580 615 671 647 non
701 603 862 657 vigeat,
895 616 1019 658 quam
1048 603 1102 644 sit
1126 600 1340 644 delumbe.
1364 626 1417 634 —
1449 617 1488 643 V.
1506 602 1546 644 6.
1578 601 1732 644 mollia
1754 609 1891 645 serta.
1935 602 2123 645 Alteram
2154 603 2336 657 scriptu-

152 684 241 712 ram
267 670 427 722 florea
456 669 684 712 Dissenius
718 671 930 726 potiorem
972 668 1120 720 ducit,
1156 676 1332 719 contra,
1370 683 1498 725 quam
1532 669 1731 711 Muretus
1752 702 1761 719 ,
1801 672 1874 726 qui
1905 670 2060 712 mollia
2099 671 2336 712 revocavit:

152 744 336 794 uterque
363 751 552 780 caussam
579 751 698 779 suam
727 750 781 778 eo
813 738 887 792 qui
908 750 1036 792 supra
1063 735 1218 792 legitur
1248 735 1347 778 loco
1378 736 1437 788 (1.
1458 737 1503 787 7,
1533 735 1632 788 53.)
1659 743 1814 778 tuetur.
1856 739 1920 780 Ac
1942 737 2126 793 probum
2160 736 2335 793 quidem

153 811 384 860 utrumque
413 810 494 846 est:
523 803 602 846 sed
631 805 762 860 magis
783 802 885 844 mihi
908 803 993 845 hoc
1022 802 1121 844 loco
1146 802 1290 858 placet
1314 803 1482 846 mollia.
1512 803 1618 845 haec
1643 806 1754 845 enim
1779 811 1990 846 sertorum
2013 806 2170 847 sanctis
2201 805 2334 847 comis

152 873 450 928 impositorum
472 871 704 928 praecipua
726 872 874 913 virtus.
920 869 1069 926 virgil.
1086 871 1194 912 Aen.
1214 871 1313 911 Vll.
1336 870 1432 913 485.
1473 869 1605 913 ovid.
1630 871 1744 913 Fast.
1764 871 1816 913 11.
1837 872 1934 914 340.
1964 871 2150 924 (habent
2180 878 2336 914 unctae

154 937 298 981 mollia
319 946 430 981 serta
454 940 645 991 comae).
685 938 885 989 Accedit,
916 930 1034 994 quod
1055 944 1180 980 serta
1212 940 1339 980 etiam
1367 937 1488 980 nullo
1522 938 1715 995 epitheto
1743 939 1894 982 addito
1904 940 2063 991 florea
2090 954 2184 982 esse
2209 953 2336 982 nemo

153 1020 242 1049 non
263 1006 471 1063 intelligit.
494 1007 699 1062 Denique
718 1006 868 1048 confer
886 1005 1040 1048 molles
1060 1005 1233 1062 thyrsos
1244 1006 1404 1047 Bacchi
1424 1006 1594 1062 (Virgil.
1611 1009 1720 1049 Aen.
1737 1007 1835 1050 VH.
1851 1008 1970 1059 390.)
1990 1015 2031 1049 et
2048 1022 2116 1049 res
2134 1014 2224 1049 acta
2245 1009 2336 1049 erit.

155 1097 210 1104 —
233 1087 272 1114 v.
296 1073 362 1114 1⁰.
393 1079 562 1115 annuet
582 1072 671 1115 ille.
702 1073 838 1115 Recte
857 1072 1122 1123 Huschkius,
1155 1073 1452 1115 Lachmannus
1481 1081 1522 1116 et
1540 1075 1766 1118 Dissenius
1789 1078 2067 1118 restituerunt
2084 1079 2337 1132 scripturam

156 1142 324 1183 annuit.
381 1139 467 1183 Iam
501 1141 611 1183 enim
642 1147 843 1196 apparet,
875 1140 1003 1183 deum
1033 1143 1268 1198 propitium
1300 1156 1393 1184 esse
1424 1142 1743 1200 facturumque,
1775 1143 2071 1200 quodcunque
2104 1143 2336 1187 Cerinthus

153 1209 382 1264 rogaverit.
433 1207 569 1264 Quod
606 1221 702 1249 cum
731 1210 788 1249 ita
821 1210 903 1259 sit,
934 1223 1138 1265 praesens
1170 1211 1308 1265 aptius
1341 1217 1423 1261 est,
1457 1225 1584 1266 quam
1616 1211 1820 1254 futurum.
1853 1236 1907 1245 -
1942 1227 1981 1254 V.
2003 1213 2052 1253 ll
2073 1227 2135 1268 sq.
2176 1213 2336 1254 uxoris

141 1273 273 1330 fidos
302 1274 477 1332 optabis
513 1290 719 1318 amores:
758 1277 847 1317 iam
877 1290 985 1318 reor
1018 1275 1106 1320 hoc
1135 1278 1257 1334 ipsos
1291 1275 1525 1321 edidicisse
1563 1277 1686 1322 deos.
1744 1280 1895 1322 'l'oties
1924 1282 2053 1336 igitur
2081 1280 2157 1322 has
2186 1293 2338 1336 preces

151 1344 319 1395 iuvenis
349 1342 430 1386 diis
461 1343 742 1394 adhibuerat,
781 1350 837 1385 ut
863 1343 908 1385 hi
946 1345 1029 1400 ipsi
1058 1351 1158 1386 vota
1198 1346 1289 1386 eius
1319 1344 1604 1389 edidicissent.
1660 1347 1781 1389 Haec
1810 1347 1938 1404 plana
1968 1355 2078 1390 sunt.
2133 1347 2220 1390 Sed
2251 1360 2337 1390 vox

153 1424 275 1453 uxor
303 1424 475 1466 magnas
502 1412 614 1453 inter
642 1412 757 1453 viros
787 1409 941 1453 doctos
973 1411 1264 1454 dissensiones
1295 1415 1542 1456 commovit:
1583 1429 1768 1471 quorum
1800 1415 1888 1466 alii,
1931 1423 1977 1457 ut
2007 1414 2334 1466 Broukhusius,

152 1476 365 1534 Vulpius,
394 1477 617 1534 Heynius,
640 1491 831 1520 uxorem
852 1477 1151 1520 intellexerunt
1161 1478 1401 1532 futuram:
1431 1495 1543 1537 quae
1569 1484 1687 1525 vocis
1717 1482 1974 1538 significatio
2006 1498 2085 1525 usu
2115 1490 2156 1525 et
2188 1489 2338 1525 aucto-

151 1547 279 1589 ritate
310 1544 490 1587 aliorum
521 1552 748 1601 poetarum
773 1544 931 1587 affatim
956 1544 1169 1602 probatur
1200 1546 1343 1598 (conf.
1369 1548 1562 1604 l'ropert.
1583 1548 1614 1591 Ῑ.
1636 1549 1684 1601 2,
1717 1551 1783 1592 19.
1816 1558 1859 1592 et
1889 1565 2000 1606 quos
2030 1550 2152 1592 locos
2182 1549 2338 1592 attule-

151 1619 255 1656 runt
279 1612 472 1655 Broukh.
493 1615 543 1655 'et
565 1612 840 1665 Dissenius):
888 1612 961 1655 alii
992 1620 1163 1664 contra,
1203 1622 1249 1656 ut
1268 1615 1473 1667 Vossius,
1503 1616 1751 1669 Dissenius,
1782 1617 2005 1675 Gruppius
2037 1618 2091 1671 (l.
2118 1618 2143 1661 l.
2163 1634 2204 1675 p.
2223 1618 2336 1671 62),

151 1679 294 1724 Jacob
327 1680 410 1734 (de
439 1695 522 1723 usu
549 1695 664 1723 num.
694 1681 804 1737 plur.
834 1695 874 1737 p.
907 1681 1003 1734 10.)
1043 1696 1234 1724 uxorem
1264 1683 1306 1724 vi
1344 1686 1520 1740 propria
1555 1683 1714 1727 dictum
1748 1687 1912 1742 opinati
1951 1694 2062 1728 sunt.
2123 1686 2336 1743 Equidem

153 1763 410 1806 quamquam
448 1763 530 1792 nec
565 1763 706 1806 nego,
736 1750 940 1792 Vossium
981 1748 1223 1792 rationibus
1265 1749 1320 1792 ad
1359 1749 1612 1794 firmandam
1653 1767 1772 1795 suam
1803 1757 2055 1796 sententiam
2086 1769 2209 1797 usum
2240 1768 2335 1797 esse

151 1829 244 1858 non
273 1815 613 1867 contemnendis,
644 1822 686 1858 et
719 1822 784 1858 tot
815 1817 1005 1858 virorum
1037 1818 1404 1859 ornatissimorum
1435 1833 1651 1862 consensu
1681 1820 1862 1873 flector,
1901 1821 2163 1878 persuadere
2194 1829 2336 1864 tamen

152 1883 255 1926 mihi
276 1897 366 1926 non
388 1897 582 1939 possum,
615 1882 890 1935 Cerinthum,
925 1898 1022 1926 cum
1043 1884 1150 1927 haec
1170 1892 1272 1927 vota
1298 1885 1475 1938 faceret,
1506 1889 1703 1930 maritum
1730 1888 1862 1931 fuisse
1889 1889 2117 1946 Sulpiciae.
2162 1890 2343 1932 Etenim

152 1951 259 1993 haec
278 1958 380 1993 vota
399 1964 597 2007 magnum
626 1949 797 2006 quidem
821 1950 1017 1993 Cerinthi
1047 1953 1092 1994 in
1121 1955 1346 2009 coniugem
1377 1968 1563 1996 amorem
1595 1963 1901 2008 ostentassent,
1932 1957 2011 2000 sed
2040 1957 2164 1999 simul
2196 1958 2334 2014 suspi-

153 2019 302 2060 ciones
341 2017 586 2060 intulissent
619 2019 769 2060 uxoria
807 2017 897 2060 fide
935 2033 1115 2075 prorsus
1157 2020 1378 2077 indignas:
1418 2021 1538 2077 quod
1574 2022 1674 2064 mihi
1712 2022 1766 2064 ab
1801 2023 2040 2066 admirabili
2077 2027 2209 2067 totius
2247 2025 2335 2067 loci

151 2083 426 2127 mollitudine
457 2083 692 2127 abhorrere
721 2084 903 2127 videtur.
961 2087 1056 2128 Nec
1084 2102 1153 2130 me
1183 2087 1424 2139 adducunt,
1463 2095 1510 2130 ut
1540 2087 1664 2131 aliter
1691 2093 1890 2142 sentiam,
1927 2090 2059 2133 verba
2090 2092 2181 2143 illa,
2220 2090 2346 2148 quae·

151 2151 297 2209 puella
334 2151 389 2204 (l.
421 2151 498 2195 IV.
532 2167 567 2194 c.
601 2153 693 2206 10.)
735 2152 893 2196 acerbo
932 2152 1063 2197 salsae
1100 2157 1355 2211 suspicionis
1395 2155 1549 2198 dolore
1586 2160 1797 2200 concitata
1838 2160 2017 2202 iactavit.
2083 2161 2248 2202 Verum
2285 2165 2336 2202 ut

151 2219 442 2264 dissensiones
471 2221 663 2262 virorum
700 2219 927 2263 doctorum
960 2222 1282 2278 quodammodo
1320 2223 1468 2266 saltem
1508 2233 1851 2282 componantur,
1893 2229 2010 2269 iuvat
2048 2242 2135 2280 rem
2175 2228 2231 2269 ita
2263 2241 2334 2269 ex-

150 2286 312 2343 pedire.
356 2286 490 2330 Poeta
512 2286 695 2329 natalem
724 2289 846 2330 amici
871 2287 1191 2341 celebraturus,
1223 2304 1312 2346 quo
1341 2297 1404 2333 est
1431 2293 1476 2333 in
1507 2306 1604 2334 eum
1632 2295 1775 2336 animo
1807 2294 2007 2345 affectus,
2040 2302 2159 2351 optat
2184 2301 2225 2336 et
2251 2293 2334 2336 fin-

151 2356 229 2411 git,
265 2353 350 2396 hoc
378 2356 474 2410 ipso
506 2354 575 2397 die
608 2354 719 2406 rore,
763 2362 810 2397 ut
843 2355 1102 2408 cerinthus,
1145 2357 1263 2413 quod
1295 2360 1420 2400 toties
1457 2358 1750 2403 ardentissime
1782 2364 2093 2418 concupiverit,
2132 2369 2250 2404 certo
2282 2376 2333 2404 ac

148 2420 293 2464 stabili
322 2422 522 2477 coniugio
547 2420 731 2478 puellam
758 2424 950 2479 accipiat.
982 2423 1059 2466 sed
1086 2424 1191 2467 haec
1215 2424 1440 2468 hactenus:
1475 2426 1611 2469 dicam
1635 2430 1746 2470 enim
1773 2428 1828 2471 de
1856 2430 1935 2471 hac
1959 2445 2006 2472 re
2034 2429 2120 2471 alio
2145 2429 2257 2472 loco.
2276 2453 2334 2460 —

151 2489 280 2531 v.1-t.
319 2488 429 2531 Fere
459 2488 609 2531 eadem
634 2489 785 2531 Horat.
813 2489 864 2532 C.
884 2489 936 2532 11.
959 2492 1032 2543 12,
1062 2492 1152 2533 2Ι.;
1183 2493 1298 2534 Num
1328 2500 1397 2544 tu,
1428 2509 1540 2550 quae
1572 2498 1709 2538 tenuit
1737 2497 2030 2539 Achaemenes
2061 2504 2133 2538 aut
2163 2498 2332 2552 pinguis

151 2555 366 2612 Phrygiae
391 2556 655 2613 Mygdonias
687 2571 792 2613 opes
823 2565 901 2600 cet.
934 2566 977 2601 et
998 2559 1130 2602 Ovid.
1151 2561 1325 2603 Metam.
1346 2561 1444 2603 Vll.
1464 2562 1532 2604 59.
1565 2577 1781 2619 quemque
1808 2578 1887 2620 ego
1914 2580 2007 2607 cum
2039 2564 2192 2614 rebus,
2223 2579 2331 2621 quas

153 2630 268 2666 totus
304 2623 497 2679 possidet
535 2623 681 2676 orbis,
722 2624 973 2668 Aesoniden
1004 2634 1188 2669 mutasse
1218 2627 1358 2670 velim.
1390 2653 1443 2663 —
1482 2644 1521 2670 v.
1550 2630 1615 2672 17.
1665 2630 1790 2673 Vota
1822 2631 2003 2674 cadunt.
2053 2633 2219 2674 Notum
2250 2639 2333 2683 est,

154 2688 318 2733 cadere
347 2705 475 2747 saepe
504 2699 702 2735 eventum
740 2706 820 2735 seu
856 2695 1011 2736 exitum
1042 2693 1205 2742 bonum
1234 2695 1444 2738 malumve
1475 2696 1730 2753 significare.
1790 2699 1896 2741 Inde
1928 2698 2043 2755 apud
2073 2700 2268 2754 Propert.
2298 2699 2330 2742 1.

153 2757 228 2808 17,
259 2758 298 2799 4.
324 2764 431 2800 vota
462 2757 670 2802 cadentia
699 2767 799 2802 sunt
827 2761 1053 2803 incassum
1071 2761 1225 2815 facta.
1278 2762 1562 2820 Quapropter
1591 2766 1673 2806 nisi
1698 2764 1837 2807 verbo
1866 2764 2029 2808 cadet-c
2062 2780 2192 2808 voces
2221 2765 2333 2809 bene

154 2823 294 2877 male,
322 2839 472 2877 secus,
503 2825 612 2868 aliae
642 2826 685 2868 id
714 2841 848 2882 genus
880 2827 1074 2871 adiectae
1104 2835 1221 2881 sunt,
1253 2843 1302 2871 cx
1330 2831 1424 2886 ipsa
1452 2844 1522 2884 re,
1550 2831 1605 2874 de
1628 2847 1712 2888 qua
1735 2846 1874 2875 sermo
1898 2840 1981 2884 est,
2012 2832 2157 2890 colligi
2180 2832 2331 2886 debet,

153 2891 293 2948 qualis
322 2898 501 2937 eventus
536 2895 601 2936 sit.
663 2892 842 2950 Aliquid
874 2902 1014 2939 autem
1051 2903 1158 2953 puto
1197 2895 1452 2942 discriminis
1485 2911 1582 2943 esse
1621 2901 1732 2943 inter
1761 2913 1965 2957 praesens
2002 2907 2044 2944 et
2073 2901 2331 2957 perfectum,
