2462 3112
138 222 298 265 Cantat
318 219 516 263 mutanda
543 221 684 263 fuerit.
724 223 780 263 At
800 235 904 264 vero
938 228 981 264 et
1011 220 1263 264 adverbium
1294 229 1337 264 et
1365 230 1553 280 operata
1583 223 1701 266 nude
1730 226 1912 279 positum
1944 238 2033 267 non
2063 224 2307 271 admodum..

134 289 321 345 placent:
348 303 430 332 nec
451 288 630 330 dubium
661 303 754 331 esse
784 296 943 345 potest,
974 291 1077 344 quin
1107 295 1223 332 recte
1253 288 1438 345 legatur:
1465 289 1661 332 assiduae
1681 293 1831 333 textrix
1858 299 2034 347 operata
2054 293 2302 335 Minervae.-

133 355 213 398 Est
241 357 352 398 enim
371 356 572 403 Minerva
600 355 684 397 hoc
707 356 806 398 loco
836 358 1020 412 positum
1048 369 1128 411 pro
1157 357 1252 411 ipso
1282 355 1393 414 telae
1426 356 1631 407 artificio,
1661 359 1730 399 cui
1752 357 2019 414 perficiendo
2046 362 2192 401 textrix
2214 361 2306 402 ista-

137 435 309 478 operam
340 420 421 463 dat.
457 421 568 463 conf.
587 422 737 478 virgil.
755 423 861 464 Aen.
884 421 1002 463 Vln.
1027 421 1122 463 409.
1163 421 1291 464 Ovid.
1317 422 1425 464 Met.
1445 422 1522 464 IV.
1541 423 1609 464 33.
1637 446 1691 456 -
1717 438 1757 466 v.
1774 425 1841 466 66.
1879 431 1924 467 et
1953 425 2168 482 applauso
2201 425 2293 468 tela

136 495 272 538 sonat
288 488 442 531 latere.
468 488 595 543 Quae
613 497 676 531 est
691 503 925 545 paucorum
943 488 1154 530 librorum
1169 490 1376 545 scriptura
1394 489 1602 546 appulso,
1622 504 1748 533 nemo
1767 493 1847 536 erit
1864 494 1937 548 qui
1956 507 2048 534 eam
2065 483 2303 548 anteponat

137 555 353 611 vulgatae:
385 555 460 597 sed
480 556 642 598 Mureti
663 558 838 612 vestigia
863 563 1032 597 secutus
1047 554 1187 597 malim
1214 555 1319 611 legi:
1349 571 1376 597 a
1391 556 1553 613 plausa
1578 556 1669 599 tela
1692 565 1827 600 sonat
1850 558 2003 602 latere.
2023 583 2076 592 —-
2098 574 2137 601 V.
2157 560 2213 602 67
2229 574 2292 616 sq.

137 622 510 678 praepositionem
540 624 583 663 in
615 622 912 664 enumerandis
940 621 1071 664 rebus
1101 636 1229 677 saepe
1261 637 1284 664 a
1314 625 1456 678 poetis
1481 622 1548 665 bis
1578 631 1694 668 terve
1722 625 1896 667 eandem
1919 628 2042 682 poni,
2071 628 2151 670 viri
2177 626 2294 670 docti

139 688 305 744 pridem
337 688 590 732 docuerunt.
626 688 804 731 Confer.
826 688 1012 730 Thilium
1031 688 1085 731 ad
1103 689 1255 746 Virgil.
1275 691 1381 732 Aen.
1401 689 1453 732 11.
1470 689 1567 734 365.
1588 698 1628 733 et
1646 690 1819 747 Forbig.
1839 692 1893 735 ad
1914 694 2032 749 Virg.
2048 694 2154 736 Aen.
2170 693 2198 736 l.
2219 694 2292 736 lx.

138 755 234 797 556.
295 755 393 797 Hoc
431 755 530 797 loco
567 757 684 798 inter
732 758 907 798 »mitten
945 763 1102 798 unter«
1148 763 1212 798 ter
1247 758 1472 812 repetitum
1505 758 1713 798 succurrit
1744 757 1916 800 exilitati
1951 761 2293 803 enumerationis.

143 823 344 878 Magnam
373 824 457 864 vim
488 829 559 864 aut
591 824 715 864 etiam
748 823 996 879 elegantiam
1027 825 1167 865 inesse
1196 825 1242 865 in
1271 825 1592 880 praepositione
1628 830 1692 865 ter
1729 826 1908 880 repetita
1937 839 2027 867 non
2062 827 2229 869 sentio:
2257 827 2294 869 si

141 896 253 932 esset
283 891 510 945 geminata,
547 891 608 931 rei
639 889 877 932 consultum
908 890 1030 932 foret.
1061 913 1115 920 —
1145 905 1184 932 ν.
1206 889 1275 932 88.
1315 890 1480 933 lascivo
1510 889 1659 932 sidera
1691 890 1843 934 choro.
1895 891 2066 935 Chorus
2099 891 2295 935 siderum

140 970 241 1000 num
272 955 385 1011 apud
407 955 541 997 ullum
573 959 823 1012 scriptorem
847 957 1038 1000 lascivus
1055 964 1232 999 vocatus
1251 959 1322 1008 sit,
1349 960 1516 1000 nescio:
1549 958 1624 999 sed
1646 957 1962 1001 lascivientibus
1981 961 2142 1010 omnia,
2171 961 2295 1002 etiam

141 1038 188 1065 ea
208 1055 218 1075 ‚
257 1037 367 1078 quae
397 1023 499 1064 alias
529 1038 678 1079 magna
711 1031 753 1066 et
782 1023 1043 1066 venerabilia
1074 1031 1116 1066 et
1143 1031 1242 1066 sunt
1273 1031 1316 1066 et
1345 1023 1581 1076 habentur,
1620 1024 1870 1076 lasciviunt,
1906 1028 2015 1068 sicut
2042 1025 2296 1070 saltantibus

141 1092 368 1145 circumagi
393 1097 534 1132 cetera
556 1098 597 1132 et
620 1093 785 1133 moveri
805 1091 1012 1134 videntur.
1056 1092 1207 1146 ltaque
1227 1091 1311 1133 hoc
1340 1090 1439 1139 loco
1471 1090 1788 1133 lascivientibus
1818 1092 2004 1134 siderum
2025 1092 2146 1135 chori
2175 1092 2305 1137 lason

139 1159 260 1199 viunt
289 1159 382 1212 ipsi.
426 1158 490 1206 Ex
519 1157 617 1199 loco
643 1157 881 1209 Ovidiano,
912 1172 1038 1214 quem
1068 1157 1210 1200 attulit
1227 1158 1424 1214 Heynius
1453 1157 1552 1210 (tlt.
1568 1158 1671 1200 Met.
1689 1159 1825 1211 685),
1855 1160 1958 1215 quid
1981 1159 2149 1202 tandem
2170 1160 2296 1202 disci·

142 1226 261 1265 mus?
292 1238 447 1280 nempe
469 1224 713 1279 delphinos,
744 1227 818 1280 qui
842 1225 987 1267 lascivi
1010 1224 1152 1267 solent
1175 1238 1287 1275 esse,
1316 1224 1471 1266 lasciva
1496 1238 1679 1280 corpora
1702 1227 1875 1267 iactare:
1905 1240 1986 1269 nec
2007 1225 2184 1268 dubium
2210 1234 2295 1278 est,

143 1293 246 1346 quin
278 1305 423 1334 omnes
455 1293 640 1334 omnium
678 1292 886 1334 laetorum
918 1300 959 1334 et
989 1291 1246 1334 lascivorum
1275 1292 1490 1334 hominum
1522 1299 1562 1334 et
1588 1291 1829 1334 animalium
1859 1300 1998 1336 motus
2029 1293 2303 1336 saltatione&

142 1372 227 1413 quc
259 1359 343 1400 hoc
373 1359 562 1414 epitheto
594 1360 782 1414 insigniri
812 1361 988 1414 possint.
1010 1383 1063 1392 —
1093 1374 1131 1400 v.
1150 1358 1217 1400 89.
1238 1357 1387 1411 fulvis
1405 1356 1705 1401 circumdatus
1725 1359 1818 1401 alis.
1855 1359 1943 1401 Pro
1962 1359 2111 1413 fulvis
2125 1359 2306 1403 Brouk«

139 1423 286 1468 husius
316 1427 483 1481 scripsit
499 1425 681 1478 fuscis,
721 1433 767 1467 ut
796 1425 948 1481 legitur
977 1426 1050 1468 111.
1081 1426 1106 1467 4
1128 1459 1137 1477 ,
1176 1427 1263 1475 55.;
1295 1426 1495 1468 Heinsius
1514 1425 1689 1478 furvis,
1725 1426 1843 1481 quod
1863 1427 2043 1482 -Heynio
2073 1426 2294 1484 probatur.

141 1491 362 1548 Scriptura
382 1491 550 1545 fulvis,
581 1507 675 1533 cum
704 1494 747 1533 in
779 1507 908 1534 versu
938 1495 1127 1548 proxime
1159 1495 1382 1548 superiore
1417 1492 1557 1534 sidera
1588 1492 1697 1534 dicta
1728 1495 1814 1534 sint
1843 1493 1958 1535 fulva
1993 1496 2019 1536 i.
2049 1508 2083 1536 e.
2115 1507 2307 1536 coruscav

141 1573 220 1600 seu
249 1558 479 1608 rutilantia,
509 1558 678 1600 inficeta
701 1566 742 1600 et
771 1559 930 1601 insulsa
954 1568 1026 1601 est.
1072 1559 1236 1603 Caussa
1259 1560 1399 1602 mendi
1424 1574 1448 1601 a
1477 1559 1658 1601 librariis
1685 1559 1788 1601 illati
1809 1560 2027 1602 manifesta
2050 1567 2125 1602 est.
2169 1560 2295 1616 Quae

142 1632 273 1669 nocte
304 1634 375 1668 aut
405 1625 591 1668 tenebris
622 1634 881 1678 nascuntur,
920 1641 969 1668 ea
1006 1628 1042 1667 si
1077 1625 1188 1668 alata
1217 1625 1463 1681 finguntur,
1502 1625 1578 1666 alis
1613 1627 1742 1680 nigris
1777 1640 1852 1667 seu
1882 1626 2010 1668 fuscis
2048 1627 2294 1669 instruenda

143 1701 254 1736 sunt.
288 1694 399 1737 Nec
425 1693 479 1735 de
510 1693 651 1745 caelo,
682 1701 728 1735 ut
757 1694 870 1749 apud
891 1693 1038 1749 Virgil.
1058 1695 1113 1734 V.
1130 1692 1248 1743 838„
1279 1693 1347 1734 hic
1365 1692 1549 1735 Somnus
1583 1690 1809 1732 delabitur.
1861 1692 1996 1734 Recte
2026 1694 2153 1748 igitur
2173 1693 2294 1748 Hey-

140 1761 260 1811 nius,
291 1759 556 1810 Huschkius,
585 1761 811 1803 Dissenius
840 1760 895 1802 ab
925 1760 1041 1803 Italis
1070 1767 1291 1802 steterunt.
1323 1784 1374 1792 —
1405 1762 1585 1802 tacitus:
1614 1759 1725 1800 conf.
1746 1759 1875 1801 Ovid.
1897 1759 2066 1802 Metam.
2088 1761 2158 1802 XI.
2178 1760 2295 1802 650.:

141 1826 214 1869 ille
236 1826 354 1869 volat
382 1826 525 1869 nullos
555 1829 758 1883 strepitus
787 1827 1042 1870 facientibus
1073 1827 1148 1869 alis
1179 1828 1265 1868 Per
1294 1825 1509 1868 tenebras.
1556 1825 1630 1868 Sil.
1651 1825 1781 1867 Italic.
1800 1827 1849 1867 X.
1870 1825 1985 1867 354:
2017 1841 2093 1882 per
2122 1828 2307 1869 tacitum.

144 1892 341 1949 allapsus.
378 1918 428 1924 -—
469 1896 604 1951 nigra
641 1896 827 1936 somnia.
885 1895 1063 1936 Heinsio
1101 1893 1261 1949 placuit
1294 1896 1440 1951 pigra.
1505 1892 1806 1935 Broukhusius
1844 1907 1937 1935 cum
1975 1895 2020 1935 in
2055 1908 2144 1936 uno
2180 1893 2295 1937 libro

143 1975 269 2003 mera
297 1963 554 2012 invenisset,
595 1963 776 2003 coniecit
812 1976 950 2012 vara,
989 1961 1108 2018 quod
1147 1963 1397 2003 conveniret
1432 1963 1604 2004 incerto
1639 1959 1754 2017 pedi.
1812 1961 1869 2002 At
1904 1975 2007 2003 vere
2043 1961 2148 2004 vidit
2177 1962 2296 2018 Hey-

141 2029 261 2079 nius,
289 2034 377 2070 tum
399 2027 559 2085 vulga,
588 2041 676 2069 non
695 2043 807 2070 vara
833 2028 963 2070 fuisse
986 2027 1270 2071 scribendum.
1307 2027 1550 2070 Huschkius
1571 2042 1597 2076 ‚e
1618 2030 1734 2070 varia
1759 2030 1966 2083 scriptura
1989 2026 2146 2084 delegit
2163 2043 2306 2071 vana-1

142 2096 285 2151 Atque
313 2109 430 2136 vana
469 2101 509 2135 et
548 2093 632 2135 dici
661 2101 841 2149 possunt
880 2101 921 2136 et
959 2094 1070 2136 dicta
1100 2101 1200 2136 sunt
1229 2095 1404 2136 somnia.
1464 2095 1521 2135 At
1548 2093 1704 2136 vellem
1735 2093 2068 2150 obtemperasset
2099 2095 2295 2150 Heynio‚

144 2164 219 2217 qui
248 2168 499 2211 monuerat,
529 2160 745 2218 elegorum
776 2176 868 2204 esse
887 2194 898 2212 ‚
930 2161 1150 2217 epitheton
1169 2193 1179 2212 ‚
1219 2160 1337 2216 quod
1368 2163 1430 2203 rei
1461 2168 1572 2203 esset
1601 2163 1820 2216 proprium
1841 2192 1852 2211 ‚
1892 2168 2112 2216 repetere:
2149 2162 2295 2216 itaque

144 2243 240 2270 cum
280 2230 410 2285 niger
444 2243 629 2270 somnus
659 2228 796 2270 dictus
827 2235 963 2278 esset,
1002 2230 1174 2270 somnia
1205 2241 1380 2283 quoque
1409 2229 1542 2284 nigra
1580 2228 1709 2269 fuisse
1749 2226 1940 2269 dicenda.
2002 2226 2296 2269 Confirmatur

142 2301 365 2350 praeterea
388 2293 527 2349 aliqua
552 2293 699 2336 saltem
726 2308 775 2335 ex
797 2301 917 2349 parte
941 2297 1147 2349 scriptura
1172 2296 1305 2351 nigra
1325 2293 1562 2349 Euripiden
1587 2293 1662 2336 illo
1684 2291 2082 2348 μελανοπτερύγων
2107 2292 2293 2347 ὀνείρων.

147 2360 335 2403 Omnem
363 2368 504 2402 autem
535 2360 842 2403 dubitationem
873 2360 1028 2403 tollunt
1047 2360 1195 2402 Ovidii
1223 2359 1356 2402 verba
1387 2360 1526 2412 (Fast.
1544 2359 1621 2400 IV.
1648 2360 1787 2411 662.):
1823 2373 1908 2401 nox
1937 2361 2051 2401 venit
2081 2365 2123 2400 et
2151 2372 2308 2400 secum.

143 2429 306 2470 somnia
334 2429 451 2482 nigra
480 2427 617 2469 trahit.

228 2494 347 2551 Eleg.
368 2494 420 2536 11.
442 2509 482 2536 v,
505 2495 542 2535 l.
588 2493 947 2549 Distinguendum
979 2500 1043 2535 est
1072 2496 1149 2544 ita,
1178 2501 1224 2536 ut
1254 2507 1383 2535 voces
1411 2493 1596 2536 Natalis
1627 2496 1742 2535 venit
1770 2494 1997 2547 iungantur
2025 2505 2119 2532 cum
2148 2489 2294 2533 verbis

147 2560 210 2604 ad
236 2576 354 2603 aras.
411 2562 530 2602 Haec
559 2560 845 2616 distinguendi
874 2563 983 2602 ratio
1018 2560 1151 2611 locis,
1186 2575 1295 2616 quos
1324 2562 1405 2603 viri
1434 2561 1551 2602 docti
1583 2568 1624 2602 et
1661 2575 1710 2602 ex
1741 2559 1833 2601 aliis
1862 2557 2140 2614 scriptoribus
2171 2565 2214 2599 et
2243 2572 2292 2600 ex

147 2627 324 2670 Tibullo
355 2626 609 2678 attulerunt,
639 2630 738 2670 satis
769 2627 972 2669 firmatur.
1020 2628 1202 2671 Constat
1232 2630 1363 2679 enim,
1392 2626 1505 2669 haud
1535 2641 1634 2669 raro
1663 2629 1779 2683 ipsos
1810 2626 1916 2668 deos
1946 2627 2074 2666 sacris
2104 2627 2190 2666 suis
2219 2625 2294 2667 ad-

144 2695 288 2738 fuisse.
318 2718 372 2725 —-
410 2709 449 2735 v.
481 2695 520 2736 4.
569 2694 679 2737 Cum
711 2693 876 2737 odores
905 2696 947 2735 in
977 2696 1068 2750 ipsa
1098 2693 1258 2736 Arabia
1286 2700 1539 2743 nascantur,
1577 2695 1785 2749 scriptura
1812 2707 1836 2734 e
1864 2698 1987 2733 terra
2017 2690 2116 2732 mihi
2145 2693 2293 2746 magis,

145 2775 271 2817 quam
295 2760 430 2803 altera
458 2774 485 2802 a
511 2766 634 2802 terra
654 2760 872 2816 probatur.
892 2783 944 2792 -
966 2767 1092 2803 tener
1111 2759 1250 2803 Arabs
1276 2761 1448 2812 dicitur,
1479 2763 1553 2816 qui
1570 2759 1766 2812 Catullo,
1796 2758 1998 2815 Virgilio,
2031 2757 2294 2810 Claudiano,

146 2829 238 2871 aliis
270 2830 408 2885 poetis
437 2828 586 2870 mollis
614 2835 803 2871 vocatur.
846 2829 925 2870 Est
955 2834 1096 2882 autem
1123 2833 1249 2879 tener
1276 2827 1360 2869 hoc
1388 2826 1488 2868 loco
1509 2825 1823 2881 Schwachling‚
1853 2824 1972 2880 quod
2003 2838 2128 2879 quam
2157 2837 2294 2879 prope

145 2896 200 2940 ad
227 2898 311 2940 vim
338 2896 456 2939 vocis
485 2894 650 2939 mollis.
669 2897 696 2939 i.
728 2909 764 2939 e.
794 2892 1046 2950 Weichling
1076 2893 1276 2947 accedat,
1314 2893 1579 2937 manifestum
1618 2899 1692 2935 est.
1752 2891 1953 2936 Ceterum
1991 2890 2045 2933 de
2077 2889 2295 2937 fertilitate
