2462 3112
1119 117 1286 156 XXXV

103 245 376 295 temporum,
414 235 572 294 quibus
604 250 660 278 ne
689 235 798 278 deos
835 234 1008 292 quidem
1046 234 1271 291 puduisset
1288 236 1454 278 Veneri
1485 233 1625 290 palam
1655 237 1818 278 servire
1837 268 1847 286 ‚
1888 238 2124 278 orationem
2155 243 2291 279 trans·

106 304 208 348 tulit
231 304 286 348 ad
310 303 635 347 detestationem
666 303 835 346 ferreae
863 304 1032 354 aetatis,
1061 317 1148 359 qua
1178 303 1373 346 homines
1402 304 1582 345 avaritia
1612 302 1730 345 ducti
1759 318 1874 346 arma
1903 303 2100 347 hostibus
2130 304 2292 347 inferre

106 386 234 431 quam
257 373 420 415 Veneri
441 371 621 414 militare
643 371 838 422 mallent,
866 371 912 414 id
935 385 1023 413 non
1047 371 1381 427 vituperandum
1404 371 1507 413 mihi
1529 369 1712 414 videtur.
1756 373 1917 414 Totum
1945 371 2051 415 illud
2075 373 2294 418 distichon

104 441 276 498 peperit
305 437 455 491 dolor,
486 452 576 496 quo
597 441 761 481 animus
783 445 941 495 poetae
964 437 1249 481 cruciabatur.
1281 440 1432 495 ltaque
1452 441 1527 495 qui
1547 441 1763 481 saevitiam
1785 439 2013 496 Cupidinis
2037 443 2197 497 experti
2217 455 2292 484 co-

86 509 379 564 gnovissent,
416 506 470 549 ad
504 521 551 549 se
582 509 732 549 venire
762 506 886 549 iubet
920 522 1084 563 eosque
1115 507 1274 559 docet,
1309 507 1414 564 quid
1444 507 1731 549 molestiarum
1775 523 1824 550 ex
1854 511 2022 551 mutatis
2058 512 2288 552 amantium

104 573 299 618 moribus
329 576 523 616 manarit.
561 574 885 617 Emendationis
915 581 1059 618 tamen
1091 577 1257 632 copiam
1288 576 1390 617 facit
1421 578 1631 631 scriptura
1662 576 1862 632 Imperat
1891 579 1937 619 in
1968 584 2140 621 nostra.
2178 579 2288 621 For-

104 650 216 686 tasse
239 643 350 685 enim
376 641 625 698 legendum:
649 643 719 685 At
738 649 810 694 tu,
841 645 1038 700 quisquis
1063 646 1101 686 is
1124 658 1193 694 es,
1221 646 1291 687 cui
1311 645 1426 686 tristi
1438 642 1608 696 fronte
1627 642 1796 700 Cupido
1819 644 2042 701 Imperat,
2063 647 2095 687 i:
2127 653 2289 688 nostra

102 712 195 754 sint
222 716 303 753 tua
325 715 478 752 castra
500 709 644 752 domo.
675 712 690 752 ἰ
718 717 843 752 sonat
865 712 984 761 veni,
1016 717 1064 752 ut
1087 709 1202 766 apud
1226 710 1423 753 Graecos
1444 724 1573 766 saepe
1594 711 1741 765 ἔρχου.
1770 726 1853 754 nec
1874 727 1972 755 raro
1994 713 2110 769 apud
2130 713 2288 757 latinos

103 785 258 836 poetas
289 780 356 820 ire
389 791 471 834 pro
499 780 652 820 venire
689 779 875 834 positum
917 784 998 819 est:
1038 777 1123 820 vid.
1148 777 1322 834 Forbig.
1351 784 1393 820 et
1418 777 1530 819 Thil.
1555 778 1609 819 ad
1629 778 1779 834 Virgil.
1800 781 1906 821 Aen.
1933 781 1984 822 ΙΙ.
2005 782 2102 824 375.
2149 783 2286 832 Veni,

105 847 247 902 inquit
275 851 427 901 poeta,
465 844 520 887 ad
550 859 638 887 me:
674 846 718 886 in
748 859 841 887 mea
871 844 1001 887 domo
1033 852 1170 887 castra
1205 852 1278 888 tua
1319 847 1428 895 sint,
1465 848 1510 888 in
1540 845 1699 902 quibus
1730 846 1886 898 discas,
1925 849 2286 904 quemadmodum

105 915 279 970 iniquae
308 913 477 955 Veneri
506 911 771 954 militandum
804 914 870 955 sit.
929 913 1033 956 Post
1063 914 1147 956 hoc
1177 914 1388 957 distichon
1422 929 1499 965 ea,
1541 929 1652 970 quae
1690 915 1839 971 paullo
1878 917 1988 958 infra
2028 926 2287 973 sequuntur,

104 980 237 1024 Nota
266 980 454 1038 loquor,
482 979 688 1036 ponenda
718 980 818 1022 mihi
848 980 1062 1023 videntur.
1105 980 1314 1034 Subitus‚'
1334 984 1522 1038 inquies,
1555 983 1622 1024 hic
1653 985 1854 1026 transitus
1886 991 1966 1026 est:
1996 999 2083 1027 non
2116 1000 2288 1042 negem:

106 1047 184 1092 sed
210 1051 255 1091 in
287 1048 386 1100 tali,
427 1047 554 1104 quale
585 1049 668 1090 hoc
698 1062 868 1090 carmen
904 1048 1084 1090 diximus
1115 1063 1210 1091 esse
1229 1082 1239 1101 ‚
1276 1049 1368 1091 noli
1399 1051 1542 1092 omnia
1573 1049 1626 1092 ad
1659 1065 1842 1107 unguem
1873 1052 2062 1109 perfecta
2095 1067 2200 1096 esse.
2233 1078 2287 1086 —

104 1131 146 1158 v.
160 1115 230 1159 36.
261 1114 436 1174 praeda
462 1122 612 1158 tamen
637 1115 788 1158 multis
810 1106 879 1158 est
906 1122 1096 1174 operata
1121 1116 1262 1159 malis.
1292 1119 1397 1159 mire
1425 1117 1585 1160 dictum
1615 1126 1691 1161 est.
1722 1133 1803 1161 nec
1833 1120 2067 1176 quidquam
2093 1122 2147 1163 ad
2174 1123 2289 1165 hunc

103 1183 249 1228 locum
278 1183 579 1226 illustrandum
611 1197 660 1225 ea
691 1183 870 1235 faciunt,
899 1199 1010 1240 quae
1040 1186 1121 1226 viri
1152 1183 1270 1227 docti
1301 1184 1356 1227 ad
1377 1186 1577 1228 Eumenii
1610 1194 1715 1229 orat.
1746 1201 1827 1243 pro
1859 1189 1985 1230 instit.
2017 1189 2150 1231 schol.
2182 1205 2215 1231 c.
2247 1191 2287 1232 4.

105 1259 427 1308 congesserunt.
474 1250 598 1294 Nihil
630 1259 772 1294 tamen
802 1252 1052 1294 mutandum
1082 1259 1202 1308 puto.
1249 1252 1496 1296 Fridericus
1527 1253 1700 1311 quidem
1731 1255 1874 1297 Jacob
1904 1256 1959 1299 ad
1992 1257 2127 1299 Lucil.
2158 1259 2285 1300 Aetn.

103 1335 144 1363 v.
165 1319 262 1362 383.
292 1318 424 1362 scribi
444 1318 568 1362 iubet
588 1327 793 1363 onerata.
836 1322 893 1362 At
915 1335 1060 1376 neque
1084 1319 1333 1378 adoperta,
1365 1336 1477 1378 quae
1503 1330 1567 1365 est
1589 1324 1705 1364 varia
1729 1325 1958 1379 scriptura,
1990 1339 2132 1382 neque
2153 1329 2288 1369 comi-

104 1393 228 1437 tata,
257 1388 335 1430 etsi
364 1388 532 1443 passiva
561 1389 604 1428 vi
634 1401 724 1430 non
758 1388 1011 1444 infrequens
1042 1396 1123 1440 est,
1162 1388 1339 1445 probari
1369 1397 1523 1446 potest.
1584 1390 1807 1433 Sententia
1849 1394 1960 1434 enim
1998 1393 2210 1450 postulat,
2241 1402 2289 1436 ut

104 1455 212 1498 haec
230 1455 341 1498 mala
362 1462 592 1498 nascantur
611 1456 771 1511 praeda
792 1458 819 1498 i.
846 1470 882 1498 e.
904 1456 1090 1512 praedae
1112 1457 1268 1500 studio.
1292 1482 1345 1490 —
1376 1473 1415 1499 v.
1437 1458 1504 1501 38.
1536 1457 1639 1502 hinc
1660 1474 1821 1511 eruor,
1854 1459 1956 1503 hinc
1986 1460 2159 1504 caedes.
2198 1463 2285 1505 Pro

104 1538 245 1567 cruor
271 1526 315 1566 in
345 1523 563 1566 nonnullis
594 1523 714 1566 libris
747 1531 812 1567 est
830 1524 1002 1578 furor,
1033 1526 1077 1567 in
1110 1524 1203 1568 aliis
1226 1541 1376 1577 amor,
1408 1526 1528 1582 quod
1560 1528 1738 1584 Heynio
1766 1535 2023 1584 potestatem
2054 1529 2158 1572 fecit
2185 1544 2291 1572 con-

102 1591 280 1635 iiciendi
319 1591 437 1634 Hinc
472 1606 633 1642 amor,
669 1591 785 1644 heu,
821 1590 984 1636 caedis.
1047 1595 1212 1636 Verum
1243 1594 1457 1651 'vulgatam
1496 1597 1596 1637 satis
1636 1598 1717 1637 iam
1748 1599 1899 1638 muniit
1928 1597 2283 1654 Oudendorpius.

104 1660 233 1703 Hom.
250 1659 296 1701 ll.
319 1659 391 1701 XI.
413 1659 526 1702 163.:
556 1659 606 1701 ἐκ
634 1660 667 1701 τ’
691 1658 1010 1714 ἀνδροκτασίης
1037 1660 1087 1702 ἐκ
1117 1661 1161 1708 θ’
1189 1660 1390 1717 αἳῇιιατος.
1429 1670 1573 1705 recte:
1606 1678 1702 1706 nam
1733 1664 1864 1707 caede
1892 1667 2083 1708 virorum
2114 1670 2285 1723 sanguis

104 1726 394 1785 profunditur.
441 1735 484 1770 at
520 1741 611 1770 non
641 1730 780 1770 minus
821 1735 921 1784 apte
962 1728 1119 1771 dicitur
1159 1743 1299 1772 eruor
1339 1729 1613 1789 caedesque,
1652 1745 1837 1787 quorum
1876 1732 2056 1775 alterum
2095 1734 2287 1778 vulnera

104 1801 290 1852 spectat,
319 1794 498 1837 alterum
519 1809 683 1838 necem.
706 1821 759 1828 —
792 1809 917 1838 mors
943 1799 1135 1853 propior
1163 1797 1314 1839 Horat.
1334 1797 1385 1840 C.
1406 1799 1437 1840 Ι.
1455 1799 1502 1851 3,
1530 1799 1618 1841 32.;
1651 1801 1891 1856 semotique
1913 1803 2032 1857 prius
2064 1802 2184 1845 tarda
2212 1817 2287 1845 ne-

105 1864 280 1906 cessitas
309 1863 406 1905 Leti
436 1864 645 1919 corripuit
675 1863 865 1920 gradum.
908 1864 1022 1906 conf.
1053 1879 1184 1921 supra
1215 1865 1246 1907 Ι.
1272 1866 1344 1917 10,
1373 1867 1412 1909 4.
1435 1891 1484 1898 -—
1519 1883 1557 1909 v,
1579 1868 1646 1909 39.
1686 1883 1806 1926 vago
1836 1876 1994 1925 ponto.
2052 1866 2288 1927 Epitheton

104 1931 427 1974 immensitatem
445 1930 575 1981 alvei,
605 1932 714 1973 intra
748 1945 875 1986 quem
908 1932 1013 1974 haec
1033 1933 1169 1974 moles
1198 1947 1405 1989 aquarum
1434 1934 1636 1986 fluctuat,
1669 1939 1839 1993 egregie
1870 1937 2070 1981 declarat.
2116 1939 2283 1982 Etenim

103 1999 334 2041 fluviorum
373 1997 519 2054 lapsus
556 1998 874 2055 angustioribus
906 2001 1094 2055 riparum
1126 2000 1360 2044 intervallis
1391 2005 1569 2045 coerciti
1606 2011 1731 2054 sunt,
1773 2006 1898 2046 maris
1940 2013 2090 2047 contra
2126 2006 2283 2050 fluctus

105 2073 286 2123 propter
307 2079 498 2122 magnam
528 2065 699 2108 litorum
730 2066 969 2108 distantiam
1000 2069 1123 2123 quasi
1154 2082 1296 2110 errare
1324 2084 1374 2111 ac
1394 2074 1539 2126 vagari
1558 2071 1770 2114 videntur.
1814 2073 1921 2115 Inde
1941 2073 2057 2129 apud
2078 2074 2283 2117 Ovidium

104 2135 212 2178 Met.
231 2133 350 2176 V111.
370 2134 486 2175 595:
513 2148 540 2176 o
563 2136 754 2190 proxima
775 2133 899 2177 caelo
918 2149 1046 2191 regna
1065 2149 1196 2191 vagae
1214 2139 1364 2179 sortite
1381 2138 1623 2181 tridentifer
1636 2140 1790 2183 undae.
1822 2141 1925 2183 Luc.
1948 2142 2093 2184 Phars.
2111 2144 2166 2184 V.
2186 2143 2285 2186 613.

103 2209 229 2246 sonat
255 2202 381 2244 Ionio
403 2217 536 2258 vagus
558 2202 721 2245 Hadria
748 2209 898 2259 ponto.
930 2201 1088 2246 dubias
1113 2211 1255 2246 autem
1290 2213 1401 2248 rates
1425 2215 1569 2258 vocat,
1601 2210 1701 2264 quia
1727 2209 1949 2252 confidere
1973 2211 2023 2252 iis
2047 2224 2134 2252 non
2165 2210 2286 2263 licet,

105 2273 268 2327 quippe
286 2284 397 2326 quae
414 2272 592 2312 iactatae
613 2270 735 2313 facile
759 2278 1023 2320 evertantur3
1045 2279 1314 2328 quapropter
1331 2273 1507 2316 eaedem
1523 2275 1745 2317 instabiles
1769 2276 1983 2319 dicuntur.
2004 2278 2138 2320 Simili
2155 2279 2286 2322 modo

105 2337 238 2381 ovid.
255 2339 376 2394 epist.
398 2352 448 2380 ex
466 2339 591 2381 Pont.
610 2339 685 2381 IV.
706 2339 751 2390 3,
777 2339 845 2381 32.
870 2340 1084 2381 fortunam
1108 2339 1209 2382 dicit
1227 2355 1434 2383 summum
1461 2341 1594 2386 dubio
1614 2343 1693 2386 sub
1719 2343 1836 2400 pede
1852 2360 2018 2401 semper
2034 2345 2193 2389 habere
2218 2362 2287 2390 or-

103 2404 215 2448 bem.
235 2430 290 2439 —-
313 2421 351 2447 V.
377 2406 445 2447 42.
483 2406 543 2448 Ut
561 2407 702 2449 multa
722 2409 957 2449 innumera
976 2410 1137 2465 iugera
1152 2415 1313 2465 pascat
1334 2424 1428 2452 ove.
1454 2412 1497 2452 in
1515 2410 1606 2452 aliis
1624 2410 1746 2453 libris
1771 2412 1925 2469 legitur
1951 2413 2091 2455 multa
2109 2416 2290 2472 iugera,

105 2474 151 2516 in
173 2473 266 2515 aliis
283 2472 425 2514 multo
451 2475 629 2532 iugere,
660 2476 703 2516 in
720 2474 940 2530 plerisque
961 2477 1196 2519 innumera
1225 2491 1329 2527 ove,
1357 2479 1400 2519 in
1427 2481 1651 2534 perpaucis
1671 2482 1949 2522 innumeram
1975 2496 2099 2523 ovem
2126 2489 2199 2524 aut
2222 2485 2289 2526 in-

107 2554 318 2583 numeras
336 2555 454 2583 oves.
489 2541 787 2584 Lachmannus
807 2546 1100 2585 auctoritatem
1121 2544 1319 2586 codicum
1343 2553 1515 2588 secutus
1536 2553 1618 2596 est,
1643 2560 1783 2602 nuper
1806 2555 1966 2596 tamen,
1998 2556 2045 2590 ut
2063 2548 2289 2606 Gruppius

106 2607 281 2663 quidem
298 2615 497 2659 testatur,
518 2623 599 2665 pro
613 2617 775 2665 pascat
794 2611 1035 2653 emendavit
1057 2619 1229 2669 carpat.
1262 2614 1444 2655 Vossius
1466 2613 1520 2657 de
1547 2622 1732 2671 excerpt.
1752 2615 1910 2658 Pocchi
1931 2616 2070 2658 dedit:
2103 2624 2152 2659 ut
2173 2619 2291 2662 mille

104 2676 342 2718 innumera
371 2678 532 2734 iugera
559 2685 722 2733 pascat
753 2692 858 2730 ove,
888 2681 1130 2731 immemor,
1162 2695 1289 2736 quam
1320 2681 1430 2724 male
1459 2696 1661 2724 numerus
1695 2682 1842 2724 finitus
1873 2684 1993 2725 mille
2023 2683 2194 2727 infinito
2225 2688 2291 2728 iu-

106 2756 257 2799 gerum
287 2746 532 2786 conveniat.
562 2745 783 2801 Heynius,
815 2746 1060 2789 Huschkius
1091 2762 1140 2789 ac
1170 2748 1399 2791 Dissenius
1430 2758 1735 2807 reposuerunt:
1765 2757 1814 2793 ut
1839 2752 1980 2793 multo
2012 2753 2293 2796 innumeram

106 2811 266 2868 ingere
291 2817 454 2866 pascat
483 2825 621 2854 ovem.
673 2813 810 2856 Usum
851 2814 1074 2871 singularis
1115 2818 1283 2858 numeri
1313 2816 1547 2860 verborum
1578 2818 1718 2860 multo
1750 2820 1908 2876 ingere
1939 2826 1980 2860 et
2012 2821 2292 2864 innumeram

107 2891 236 2919 ovem
265 2876 537 2920 illustrarunt
554 2879 727 2922 Dissen.
757 2879 844 2934 (ad
864 2880 894 2923 1.
912 2882 960 2933 3,
987 2881 1076 2935 28.)
1107 2890 1148 2925 et
1164 2882 1426 2927 Huschkius.
1470 2884 1584 2927 Illud
1615 2899 1794 2941 quoque
1825 2893 1986 2940 certum
2018 2895 2104 2939 est,
2135 2891 2293 2948 ingere

105 2959 236 3002 posse
265 2944 461 2999 defendi,
492 2960 588 2989 cum
617 2953 783 2991 veteres
811 2948 992 2993 dixerint
1019 2950 1261 3009 iugeribus.
1309 2951 1442 3009 Apud
1464 2952 1721 2998 Ciceronem
1752 2955 1796 2996 iu
1816 2955 1940 2998 Verr.
1967 2954 1994 2998 l.
2020 2955 2093 2999 111.
2115 2958 2191 3009 47,
2222 2959 2292 3002 42.

1739 3027 1822 3069 5*
