2462 3112
1220 119 1322 160 ΧΠ

208 243 454 286 meni-quo
483 229 651 285 grande.
671 232 961 286 argumentum
985 237 1187 274 tractatur
1217 240 1310 283 aut,
1344 233 1401 276 id·
1419 235 1536 291 quod
1565 237 1941 293 probabilius-est,
1969 247 2137 285 carmen
2162 244 2338 301 maiori&

208 297 455 340 voluminis..
478 321 532 330 -—
568 312 606 339 v.
635 298 703 339 32.
729 297 884 351 Quam
913 297 988 340 tibi
1013 301 1203 342 maiores
1214 301 1535 346 sumina-decus
1572 306 1878 361 ipeeazfuturar.
1928 289 2144 353 Sententia
2170 317 2337 370 κίε-,η

207 368 299 423 ipse
330 365 622 418 maius-decus
651 366 818 408 futurus
849 380 892 408 es
922 369 1131 422 posteris,
1171 382 1295 423 quam
1313 370 1744 416 ‹maioresfibizsunt
1785 377 2006 432 Apparet,
2033 377 2336 430 futuris-ene

207 433 447 491 legendum.
493 433 580 476 Sed
609 437 688 476 ista
716 433 900 475 brevitas
932 433 1102 477 dicendi
1127 442 1168 476 et
1195 439 1388 479 traiectio
1415 439 1532 480 vocis
1562 455 1692 496 quam
1717 443 1816 484 satis
1844 444 2051 496 indicant,
2077 444 2132 487 ab
2152 432 2336 490 hat-ian

205 502 313 544 haec
340 503 495 557 scripta
524 513 628 544 esse·
648 502 1200 558 orationiseomponendae
1227 517 1318 546 non
1346 507 1617 561 peritissimo»,
1639 525 1692 541 --·
1726 523 1765 550 v.
1793 509 1979 554 33⁴·Pro
2010 514 2336 570 norninezfflyr

204 572 306 612 nius·
326 573 378 612 *et
401 569 644 611 Huschkius
669 569 906 611 maluerunt
934 568 1061 611 scribi
1086 576 1316 614 stemmate
1332 605 1345 623 ‚
1383 573 1501 629 quod
1536 582 1604 616 *est
1620 575 1844 619 italorum.
1898 571 2332 630 Arintosseltemmm

198 636 492 680 Lachmanno·
509 644 721 679 servatum
752 651 862 688 esse,
893 636 1196 680 demonstravit
1222 639 1447 683 Dissenius
1465 675 1474 691 ‚
1504 656 1629 697 quern
1657 643 1761 686 vide·
1783 644 1844 687 ad⁴
1866 644 1904 686 h.
1934 644 1967 687 l.
1994 652 2046 686 -4-2-
2072 661 2122 691 ¹v.
2145 647 2331 693 Sane&-

203 706 331 749 n'ent:
360 712 515 762 poetae
543 703 722 754 dicunt,
753 712 919 747 canunt
946 705 1014 746 vel
1044 708 1163 748 etiam
1193 715 1383 750 narrant
1415 717 1486 751 aut
1513 710 1732 753 scribunt:
1760 727 1902 754 rerum
1932 720 2077 756 antemi
2101 717 2331 771 selim

203 775 299 829 quis
333 787 517 828 unquam
555 773 702 815 dixerit
732 787 911 823 canere,
943 773 1136 829 equidem
1173 776 1328 817 neseio.
1375 777 1485 818 Nam
1517 778 1634 833 quod
1667 779 1822 822 Cicero
1851 768 2331 836 'l‘huoydidmuaitnd'e

202 839 367 883 bellicis
395 840 524 882 rebus
554 855 702 882 canere
732 843 854 881 etiam
884 841 1196 896 quodammodo
1226 842 1442 894 bellicum,
1474 853 1536 887 est
1560 846 1684 902 longe
1715 847 1842 889 aliud.
1875 847 2001 891 Conf.
2019 856 2158 891 tamen
2180 850 2332 907 Virffl'l.

203 910 308 951 Aen.
329 909 405 959 IV,
430 909 488 949 14
517 916 559 951 et
581 908 756 963 Quintil.
777 909 906 950 instit.
927 916 1030 951 orat.
1047 909 1072 951 l.
1094 910 1151 960 X,
1183 910 1219 951 l.
1241 911 1307 952 47.
1337 910 1435 952 Hoc
1462 912 1560 954 loco
1591 927 1763 969 zeugma
1795 929 1885 956 esse
1906 915 2072 959 volunt:
2101 919 2180 967 sic,
2208 905 2330 974 qnod

202 975 375 1021 defendi
399 979 577 1032 nequit,
614 976 760 1018 saltem
799 984 1031 1018 excusatur.
1061 1001 1109 1007 -—
1152 992 1190 1018 V.
1219 977 1288 1019 39.
1330 977 1453 1033 Quae
1483 980 1565 1021 hoc
1593 980 1690 1023 loco
1720 996 1743 1023 a
1773 983 1872 1024 viris
1902 983 2035 1025 doctis
2063 992 2332 1033 enotata-aeut

202 1047 434 1100 scripturae
462 1046 661 1095 varietas,
683 1059 751 1091 ,ea
782 1059 1032 1100 quamquam
1063 1051 1125 1086 est
1155 1044 1244 1086 fere
1274 1045 1456 1095 inutilis,
1493 1050 1775 1103 suspicionem
1802 1058 1942 1092 tamea
1972 1059 2137 1101 movet,
2164 1039 2331 1109 aliquid

202 1115 291 1156 vitii
315 1115 468 1155 inesse.
524 1112 575 1154 Id
605 1111 776 1168 quidem
806 1119 995 1162 constat,
1034 1115 1069 1154 si
1097 1112 1166 1154 hic
1197 1127 1342 1155 versus
1372 1114 1511 1156 sedem
1543 1130 1657 1157 suam
1689 1116 1894 1168 obtineat,
1924 1127 2094 1171 praeter
2121 1118 2330 1177 vulgatam

200 1180 306 1224 nihil
337 1195 456 1230 esse,
496 1180 612 1235 quod
641 1181 743 1236 poni
773 1182 915 1235 possit.
967 1180 1208 1222 Huschkius
1235 1189 1374 1223 tamen
1405 1182 1561 1224 codicis
1591 1184 1808 1226 Petreiani
1834 1188 2122 1228 auctoritatem
2158 1195 2330 1240 secutus

201 1248 316 1291 hunc
344 1263 512 1290 versum
549 1247 646 1289 loco
682 1255 823 1289 movet
864 1262 1043 1303 eumque
1082 1255 1178 1303 post
1210 1263 1376 1289 versum
1413 1249 1773 1306 quadragesimum
1806 1260 1996 1308 quartum
2030 1252 2223 1296 collocat.
2257 1243 2331 1300 At

199 1316 404 1373 particula
434 1331 537 1357 nam
565 1330 653 1357 non
682 1317 809 1370 magis
839 1315 919 1356 hoc
948 1315 1046 1357 loco
1072 1315 1249 1357 molesta
1281 1324 1365 1366 est,
1395 1332 1518 1373 quam
1553 1321 1666 1360 enim
1694 1319 1808 1374 apud
1840 1320 1987 1376 virgil„
2021 1320 2178 1376 Georg.
2200 1322 2239 1371 Ι,
2270 1322 2325 1363 77

201 1386 221 1437 (
232 1384 298 1426 ad.
329 1399 369 1447 q.
397 1384 424 1426 l.
453 1383 537 1425 vid.
568 1385 833 1439 interprett.).
874 1384 1006 1425 Poeta
1038 1397 1306 1439 aggressurus
1336 1383 1390 1426 ad
1418 1384 1672 1428 celebranda
1705 1394 1816 1438 acta,
1845 1402 2029 1443 quorum
2053 1387 2182 1431 modo
2210 1376 2327 1435 mear-

199 1454 360 1495 tionem
405 1454 570 1502 iniecit,
615 1451 845 1507 particulae
881 1466 985 1492 nam
1021 1453 1065 1492 in
1104 1459 1310 1507 sequente
1347 1467 1474 1494 versu
1501 1456 1739 1509 principem
1769 1454 1906 1497 locum
1944 1455 2101 1498 tribuit.
2158 1457 2328 1502 Deinde

199 1534 330 1562 voces
358 1534 411 1561 ve
440 1526 485 1561 et
504 1521 646 1560 maior
674 1533 763 1560 non
793 1519 1095 1574 elegantissime
1126 1522 1332 1575 repetitae
1362 1528 1476 1562 sunt:
1506 1521 1581 1563 sed
1608 1522 1721 1577 apud
1750 1531 1939 1578 poetam,
1970 1523 2105 1579 qualis
2134 1525 2212 1567 iste
2235 1531 2330 1575 est,

200 1589 307 1630 haec
334 1589 442 1628 ratio
474 1587 527 1628 ad
558 1586 912 1641 transponendum
943 1602 1109 1628 versum
1138 1601 1225 1629 non
1251 1590 1307 1628 ita
1337 1588 1509 1629 multum
1539 1589 1661 1631 valet.
1691 1591 1889 1645 Denique
1918 1591 2131 1646 particulis
2155 1605 2242 1634 nec
2267 1613 2325 1626 m-

199 1669 282 1698 nec
314 1655 394 1696 hae
432 1656 664 1695 sententiae
701 1656 943 1708 neutiquam
981 1656 1095 1709 iungi
1134 1663 1321 1709 possunt.
1377 1655 1486 1696 Nam
1524 1670 1621 1705 res,
1661 1670 1769 1710 quae
1805 1660 1912 1698 inter
1949 1671 1994 1699 se
2031 1656 2326 1708 conferantur,

197 1725 316 1779 prius
346 1723 619 1763 nominentur
646 1735 820 1762 necesse
850 1728 912 1762 est
930 1753 940 1771 ‚
978 1736 1102 1776 quam
1133 1736 1200 1763 eas
1230 1735 1456 1776 compares.
1491 1722 1623 1777 Quod
1655 1725 1689 1764 si
1718 1730 1942 1779 utrumque
1971 1738 2128 1779 genus,
2163 1726 2206 1767 in
2234 1739 2326 1780 quo

198 1790 385 1833 Messala
421 1789 574 1831 dicitur
609 1790 760 1830 ceteris
801 1790 1084 1843 praestitisse,
1123 1803 1211 1830 non
1252 1796 1363 1830 esset
1400 1799 1794 1841 commemoratum,
1831 1793 1904 1846 qui
1937 1798 2080 1846 posset
2115 1793 2159 1833 in
2197 1806 2326 1835 versu

198 1865 402 1914 sequente
434 1856 504 1899 hic
533 1862 611 1898 aut
640 1855 709 1898 hic
740 1855 847 1897 dici?
899 1855 960 1897 Ita
992 1863 1132 1897 autem
1162 1856 1383 1912 legendum
1415 1872 1530 1907 esse,
1570 1866 1742 1913 apparet
1771 1859 1915 1900 verbis
1953 1861 2110 1902 castris
2131 1858 2325 1912 farone:

198 1933 421 1983 praeterea
447 1927 492 1966 in
522 1939 596 1975 ea,
627 1938 736 1979 quae
765 1925 985 1979 sequitur,
1023 1923 1318 1976 similitudine,
1356 1925 1546 1980 pondera
1576 1928 1656 1967 iam
1686 1928 1728 1967 in
1758 1925 2156 1969 trutinaelancibus
2184 1928 2324 1983 posita

197 2000 308 2035 sunt.
337 1994 406 2035 De
435 1995 563 2034 totius
594 1993 917 2047 comparationis
947 1993 1048 2032 vitio
1078 1995 1242 2033 monuit
1272 1993 1487 2047 Heynius,
1528 1995 1595 2034 cui
1624 2007 1711 2034 non
1740 1995 1889 2036 iniuria
1916 2008 2106 2037 assensus
2137 1994 2324 2042 est‘Diffi-

198 2064 352 2103 senius.
382 2060 506 2102 Adde
533 2058 760 2101 verborum
794 2058 984 2100 ordinem
1013 2059 1122 2100 male
1142 2059 1431 2114 perturbatum
1463 2066 1504 2102 et
1531 2059 1828 2114 καλλιύπισμα
1853 2059 1964 2103 istud
1990 2061 2323 2118 orationis-plu

195 2144 361 2187 prona,
390 2142 468 2170 nec
498 2126 730 2179 dubitabis,
762 2129 862 2182 quin
891 2127 995 2168 haec
1025 2142 1048 2167 a
1078 2130 1216 2169 tirone
1246 2131 1398 2183 scripta
1426 2131 1519 2169 sint.
1551 2127 1804 2170 Tibullone?
1833 2129 1962 2170 Immo
1980 2128 2038 2170 ab
2066 2129 2148 2170 alio
2179 2128 2325 2185 eoque

197 2212 287 2241 non
324 2198 673 2252 ingeniosissimo.
706 2219 756 2228 --
803 2210 840 2235 v.
867 2196 933 2236 50.
981 2194 1027 2236 V
1024 2197 1157 2237 ixerit
1192 2195 1266 2237 ille
1296 2211 1434 2238 senex
1463 2199 1658 2252 quam-vis
1687 2195 1791 2237 dum
1819 2203 1946 2238 terna
1979 2219 2034 2229 --
2063 2195 2322 2241 decurreret

197 2265 333 2308 horis.
390 2265 452 2305 Ita
490 2263 634 2319 legunt
673 2263 962 2304 Lachmannus
1000 2270 1042 2304 et
1077 2263 1324 2304 Dissenius:
1345 2266 1479 2305 *varia
1519 2266 1726 2319 scriptura
1762 2262 2006 2306 decurrerit
2046 2271 2088 2306 et
2127 2264 2322 2319 Heynim

199 2347 449 2391 quamquam
476 2334 510 2373 is
540 2332 710 2387 quidem
739 2334 784 2373 in·
811 2330 1155 2372 annotationibus
1185 2330 1441 2373 decurreret
1470 2333 1669 2386 scriptum
1698 2331 1875 2382 mavult,
1915 2331 2319 2377 et'Wunderlinhio

197 2409 325 2458 atque
347 2399 565 2442 Huschkio
593 2399 773 2454 probata
797 2406 868 2441 est.
898 2400 953 2440 At
984 2398 1174 2454 perfecto
1204 2399 1306 2440 nihil
1335 2405 1397 2440 est
1425 2398 1741 2441 incommodius.
1766 2399 1880 2440 Vide
1898 2398 2064 2441 Dissen.
2084 2399 2136 2440 ad
2158 2399 2196 2441 h.
2214 2397 2242 2440 l.
2261 2418 2319 2432 -·

196 2486 236 2511 v.
263 2471 331 2511 54.
379 2468 474 2521 Qua
502 2471 635 2509 maris
664 2469 871 2509 extremis
908 2466 1039 2508 tellus
1068 2465 1309 2509 includitur
1337 2466 1476 2508 undis.
1521 2467 1666 2508 Altera
1705 2469 1927 2522 scriptura,
1955 2466 2181 2509 multorum
2215 2478 2318 2508 sane

197 2537 403 2580 librorum
435 2537 684 2578 auctoritate
714 2535 874 2575 firmata
883 2565 896 2586 r
926 2533 1196 2584 excluditur,
1227 2534 1470 2576 defensores
1500 2541 1619 2575 nacta
1642 2542 1704 2575 est
1724 2534 2052 2583 Broukhusium,
2082 2533 2319 2587 Heynium‘.

197 2604 474 2647 Huschkium.
515 2604 572 2644 Et
601 2603 668 2643 hic
698 2602 865 2656 quidem
893 2616 982 2643 eam
1013 2604 1324 2657 exquisitiorem
1356 2616 1447 2643 esse
1475 2609 1587 2642 ratus
1617 2601 1838 2656 diligenter
1866 2600 2053 2655 undique
2072 2599 2202 2641 ‘locos
2229 2599 2318 2647 col?

196 2673 315 2729 legit,
356 2670 511 2726 quihus
544 2671 737 2711 nimirum
776 2669 1107 2719 demonstraret,
1151 2676 1285 2710 terras
1322 2671 1424 2710 mari
1463 2670 1582 2724 quasi
1617 2671 1800 2711 terminis
1837 2666 2087 2723 quibusdam
2124 2666 2319 2713 cohiberi

197 2755 246 2782 ac
271 2739 417 2796 repelli
453 2737 766 2793 quodammodo
784 2771 794 2788 ‚
833 2744 876 2779 et
908 2739 943 2778 si
982 2739 1055 2792 qui
1092 2738 1280 2778 terrestri
1308 2738 1456 2778 itinere
1493 2736 1546 2778 ad
1575 2751 1688 2778 mare
1716 2737 1955 2785 venissent,
1994 2735 2075 2776 hoc
2102 2737 2238 2790 ipsum
2264 2737 2319 2780 iit

196 2815 395 2863 tanquam
424 2805 648 2847 claustrum
682 2803 822 2846 obiici.
875 2804 1000 2859 Quae
1029 2804 1132 2860 quid
1162 2805 1243 2845 huc
1271 2806 1538 2860 pertineant,
1568 2818 1654 2846 non
1682 2802 1882 2858 intelligo.
1932 2803 2043 2844 Nam
2074 2805 2208 2845 maris
2235 2817 2317 2845 ex,-

196 2883 361 2918 tremas
391 2872 534 2916 undas
564 2881 692 2928 poeta
722 2872 820 2914 dicit
851 2871 1092 2922 Oceanum,
1123 2874 1196 2927 qui
1225 2879 1429 2913 terrarum
1458 2871 1604 2914 orbem
1635 2874 1770 2927 cingit.
1810 2872 1976 2912 Horatii
2004 2869 2076 2912 ille
2103 2869 2318 2914 nobilissi-

193 2957 284 2984 mus
322 2942 467 2991 locus,
513 2943 602 2982 sive
648 2939 933 2982 dissociabilis
970 2942 1057 2981 sive
1101 2939 1396 2982 dis-sociabiles
1437 2939 1615 2995 legitur,
1661 2939 1757 2980 huic
1796 2938 1893 2981 loco
1935 2938 2118 2980 conferri
2147 2939 2317 2993 nequit.
