2462 3112
1185 118 1312 159 xxlt

182 238 311 275 ratur
338 229 531 273 habenis.
566 229 766 274 Ceterum
791 224 948 274 sedere
979 238 1043 273 est
1072 231 1152 273 fest
1184 232 1329 274 sitzen.
1360 256 1413 266 -
1442 248 1482 275 v,
1513 233 1608 278 116.
1641 233 1702 276 Te
1731 233 1843 278 duce
1870 251 1962 279 non
1991 237 2107 280 alias
2136 244 2326 282 convenv'

179 315 258 343 sus
287 305 420 357 terga
449 296 660 341 domator·
678 298 836 341 Libera
865 314 1082 342 romanae
1109 298 1292 342 subiecit
1321 299 1440 344 colla
1469 307 1665 344 catenae.
1693 303 1907 346 Sententia
1936 304 2061 360 plana
2089 313 2323 363 estowwfltn

181 368 300 410 dicit:
339 381 432 409 cum
465 380 516 408 eo
547 366 691 416 hoste,
731 368 803 422 qui
832 374 955 408 antea
983 381 1199 423 nunquam
1228 374 1340 423 terga
1368 375 1572 419 verterat,
1599 383 1714 412 nunc
1742 378 1786 413 te
1816 372 1925 414 duce
1955 372 2213 416 debellatum
2238 381 2322 420 est.

179 434 231 478 In
259 434 401 478 verbis
441 442 579 476 tamen
620 435 779 490 aliquid
814 435 1068 476 offensionis
1094 437 1214 477 inest.
1266 437 1328 477 Ut
1363 439 1741 492 praetermittamus
1771 454 1919 482 vocem
1950 439 2158 484 domator
2189 442 2321 495 (vide

179 504 337 559 Reisig.
365 502 494 545 schol.
525 510 732 558 grammat.
760 503 908 558 §145,
940 503 963 543 1
996 518 1035 558 p.
1057 503 1189 555 236),
1217 502 1375 559 ellipsis
1405 503 1527 546 verbi
1553 519 1770 561 equorum
1799 506 1946 550 durior
1977 516 2058 550 est:
2086 510 2131 551 in
2160 523 2244 565 qua
2271 523 2323 552 re

179 571 308 614 valde
340 570 545 613 dissentio
576 585 599 612 a
626 570 846 622 Dissenio‚
887 572 960 626 qui
990 571 1100 613 hanc
1128 585 1276 612 vocem
1306 571 1427 613 facile
1457 586 1506 613 ex
1534 575 1603 623 iis,
1634 588 1743 629 quae
1773 573 1919 630 paullo
1949 589 2076 631 supra
2103 576 2322 632 leguntur,

178 641 317 696 repeti
343 653 470 695 posse
499 637 739 680 arbitretur.
773 639 908 680 Etiam
940 637 1049 680 ordo
1078 638 1307 680 verborum
1341 638 1402 680 Te
1431 638 1544 682 duce
1574 654 1666 682 non
1696 641 1808 684 alias
1838 648 1969 699 terga
2001 657 2241 687 conversus
2262 666 2321 678 ·-

177 707 362 751 subiecit
381 707 482 748 mihi
510 720 598 748 non
621 705 848 748 admodum
878 706 1028 762 placet.
1059 706 1218 747 Libera
1247 713 1380 764 terga
1400 707 1575 758 dictum,
1605 715 1651 750 ut
1680 709 1794 764 apud
1815 710 1960 751 Horat.
1981 708 2063 762 111,
2094 710 2145 754 C.
2165 711 2215 763 5,
2239 712 2321 757 22:

177 783 337 818 retorta
366 782 485 830 tergo
512 773 683 815 brachia
716 773 866 816 libero.
907 774 1035 816 Colla
1063 780 1263 816 catenae.
1293 775 1441 818 Horat.
1475 775 1534 826 ll,
1566 777 1640 827 12,
1673 777 1742 818 12:
1774 777 1984 833 ductaque
2012 792 2089 834 per
2117 780 2205 821 vias
2233 779 2322 822 Re-

178 858 276 899 gum
306 842 416 884 colla
445 843 666 884 minacium
698 849 740 883 et
761 842 818 892 11,
849 842 922 891 13,
951 843 1025 883 13:
1056 849 1226 884 catenas
1248 843 1426 885 Parthus
1457 846 1631 896 (timet)
1665 852 1706 886 et
1735 845 1884 887 Italum
1914 844 2059 887 robur.
2081 870 2135 879 —-
2162 861 2201 888 ν.
2223 846 2322 889 127.

178 911 324 954 Nulla
351 925 432 952 nec
462 912 607 952 aerias
634 910 842 952 volucris.
874 911 1007 951 Recte
1030 911 1254 952 Dissenius
1280 914 1416 966 patrio
1448 926 1642 954 sermone
1673 911 1870 968 explicat:
1901 914 2006 955 auch
2035 912 2178 967 gleitet
2204 913 2323 957 nicht

178 979 280 1022 kein
307 977 460 1034 Vogel.
518 977 647 1034 Apud
687 992 767 1019 nos
803 977 931 1020 hodie
969 978 1120 1034 vulgus
1165 980 1221 1020 ita
1259 978 1477 1034 loquitur:
1526 979 1641 1035 apud
1684 987 1845 1022 veteres
1889 981 1959 1022 vel
2003 981 2320 1036 elegantissimis

177 1046 457 1103 scriptoribus
487 1045 585 1087 talia
616 1045 870 1087 exciderunt.
900 1046 1014 1087 Vide
1046 1048 1210 1102 Zumpt.
1241 1046 1293 1087 ad
1319 1046 1407 1090 Cic.
1440 1047 1538 1088 Div.
1561 1062 1624 1102 cp.
1650 1047 1702 1088 18
1730 1048 1843 1103 §6st
1875 1048 2067 1091 Huschk..
2088 1049 2140 1090 ad
2162 1063 2202 1092 v·
2222 1049 2323 1094 164.

183 1115 296 1168 Quin
327 1116 580 1170 optimorum
611 1109 816 1155 libroru‘m
847 1117 1095 1156 auctoritate
1126 1122 1215 1156 stat.
1267 1114 1393 1169 Quae
1424 1129 1505 1156 vox
1535 1129 1627 1155 cum
1663 1115 1746 1157 hoc
1774 1116 1872 1158 loco
1903 1117 2015 1159 haud
2045 1116 2175 1159 dubie
2202 1123 2321 1175 quae

177 1199 270 1226 non
298 1182 504 1238 significet
532 1206 584 1215 —
615 1196 716 1223 vere
753 1183 862 1224 enim
893 1181 1047 1223 vidisse
1084 1182 1182 1223 mihi
1212 1181 1456 1224 Huschkius
1487 1182 1679 1233 videtur,
1716 1183 1846 1225 verba
1881 1184 2128 1241 perlabitur
2165 1193 2208 1227 et
2242 1183 2319 1227 de·-

175 1253 379 1310 pascitur
413 1265 492 1306 pro
524 1252 640 1292 tenui
672 1256 740 1291 est
779 1252 917 1306 posita
956 1264 1047 1291 esse
1075 1274 1123 1279 -—
1159 1252 1403 1291 coniectura
1435 1250 1619 1292 eiusdem
1649 1253 1728 1292 viri
1758 1251 1871 1294 docti
1907 1254 1964 1294 sit
2001 1251 2112 1294 haud
2145 1251 2322 1309 indigna

179 1327 262 1371 est,
292 1333 401 1375 quae
431 1325 674 1373 reponatur.
733 1317 932 1373 Denique
970 1333 1130 1373 aspera
1163 1316 1420 1374 quadrupes
1461 1318 1615 1360 dictum
1654 1327 1733 1368 est,
1769 1327 1816 1361 ut
1853 1320 1964 1376 apud
1996 1321 2215 1362 Horatium
2244 1320 2318 1363 leo

176 1402 309 1444 asper
339 1392 475 1429 tactu.
511 1385 638 1427 tribui
671 1385 716 1427 id
754 1386 967 1441 epitheton
998 1387 1171 1427 omnino
1206 1385 1305 1427 feris
1336 1385 1580 1441 rapacibus,
1619 1394 1791 1429 constat.
1842 1388 2055 1443 Scriptura
2085 1401 2320 1443 paucorum

176 1454 384 1497 librorum
423 1468 522 1496 curn
560 1468 635 1495 cur
673 1453 937 1509 repudianda
973 1455 1054 1503 sit,
1092 1452 1217 1494 docet
1249 1453 1418 1496 Dissen.
1456 1454 1509 1495 ad
1544 1455 1582 1495 h.
1612 1454 1638 1496 l.
1678 1479 1726 1484 —
1767 1470 1805 1497 v,
1845 1455 1938 1497 134.
1979 1453 2181 1497 Additus
2212 1457 2321 1498 aris.

178 1522 363 1578 Scaliger
393 1520 568 1563 abditus
598 1520 696 1576 legit
723 1521 874 1576 idque,
905 1528 953 1562 ut
985 1521 1181 1576 Heynius
1211 1521 1380 1576 quidem
1410 1529 1604 1572 testatur,
1645 1522 1697 1564 ad
1726 1522 1868 1564 Iovem
1898 1522 2059 1564 retulit.
2098 1521 2215 1578 quod
2243 1523 2320 1579 qui

176 1590 272 1633 fieri
302 1592 456 1647 possit,
497 1603 585 1630 non
622 1588 823 1643 intelligo.
874 1588 1146 1639 Huschkius,
1186 1591 1254 1630 cui
1284 1589 1428 1630 eadem
1460 1592 1665 1644 scriptura
1696 1589 1874 1645 probata
1911 1597 1990 1640 est,
2027 1604 2115 1632 non
2142 1590 2321 1640 Iovem,

177 1658 255 1700 sed
286 1660 435 1716 ignem
464 1658 520 1698 ait
550 1655 632 1697 dici
662 1654 869 1697 abditum.
903 1655 1043 1709 Quam
1071 1658 1314 1711 opinionem
1346 1662 1392 1696 ut
1423 1663 1633 1706 tueretur,
1665 1664 1706 1698 et
1735 1671 1880 1698 vocem
1910 1657 2022 1698 illam
2057 1659 2161 1698 mire
2190 1659 2322 1699 inter-

176 1732 367 1782 pretatus
399 1731 462 1766 est
493 1731 532 1765 et
562 1723 701 1764 locum
731 1722 870 1763 attulit
891 1722 1055 1763 Valerii
1075 1722 1219 1763 Flacci
1246 1723 1344 1763 huic
1375 1722 1702 1765 dissimillimum.
1731 1723 1800 1765 De
1830 1726 2172 1779 interpunctione
2201 1733 2323 1767 recte

175 1794 412 1836 Dissenius.
449 1804 643 1848 namque
665 1791 882 1830 maximum
923 1789 1200 1831 distinctionis
1233 1791 1394 1845 signum
1432 1789 1668 1832 tollendum
1709 1797 1771 1831 est
1807 1798 1904 1846 post
1937 1790 2110 1832 verbum
2141 1795 2321 1834 annuit:

179 1868 244 1904 est
275 1862 384 1902 enim
416 1858 656 1914 asyndeton
688 1857 818 1912 idque
849 1856 1138 1912 explicandum
1178 1857 1298 1898 »und
1330 1858 1517 1913 sogleich
1547 1857 1755 1899 leuchtete
1786 1857 1921 1899 heller
1948 1858 2066 1900 auf«.
2115 1860 2198 1910 At,
2237 1861 2320 1902 nisi

178 1929 321 1979 fallor,
352 1927 406 1969 ad
428 1929 509 1968 vim
541 1924 737 1981 asyndeti
768 1924 1062 1966 declarandam
1093 1927 1229 1966 oratio
1251 1926 1388 1966 minus
1411 1924 1630 1966 commode
1661 1933 1900 1980 comparata
1931 1933 2005 1968 est.
2035 1925 2322 1969 scribendum

177 2004 287 2040 erat:
326 2003 398 2037 aut
426 1993 571 2047 affuit
600 1994 760 2049 Iupiter
797 1994 887 2048 ipse
921 2017 971 2022 —
1008 1996 1189 2034 annuit:
1230 1992 1381 2034 laetior
1409 1992 1577 2034 elucet:
1609 2000 1680 2033 aut
1708 1991 1836 2034 adest
1865 1995 2028 2048 Iupiter
2058 2019 2109 2028 -
2140 1996 2320 2038 annuit:

176 2065 330 2108 laetior
359 2063 499 2105 eluxit
529 2063 647 2117 ignis.
679 2083 733 2092 —
764 2075 800 2102 v.
830 2061 924 2102 142.
956 2060 1083 2102 Hunc
1111 2075 1279 2102 versum
1301 2061 1502 2102 Heinsius
1534 2068 1575 2102 et
1595 2060 1885 2102 Lachmannus
1915 2064 2156 2103 coniectura
2184 2069 2319 2105 tenta-

177 2140 296 2176 runt:
325 2146 409 2188 qua
439 2133 680 2172 coniectura
710 2130 753 2170 in
783 2135 898 2169 tanta
928 2130 991 2170 rei
1021 2127 1279 2170 obscuritate
1308 2127 1410 2169 nihil
1436 2127 1531 2169 fieri
1562 2135 1701 2183 potest
1730 2128 1906 2170 felicius.
1952 2128 2148 2184 Aliquam
2178 2137 2318 2173 tamen

177 2202 459 2257 suspicionem
478 2212 560 2238 vox
585 2197 810 2252 Carystia,
841 2199 1031 2251 quamvis
1056 2195 1292 2251 “depravata
1316 2198 1386 2246 sit,
1419 2197 1462 2236 in
1491 2197 1630 2236 animo
1662 2195 1872 2250 relinquit.
1909 2196 2115 2238 Aret-teis
2138 2197 2318 2240 dubium

177 2281 333 2311 nomen
363 2272 511 2308 manet.
552 2263 663 2307 Cum
693 2270 849 2306 arente
879 2263 1038 2318 Gynde
1063 2264 1218 2304 Xanthi
1249 2270 1434 2304 arentem
1465 2265 1599 2304 rivum
1630 2263 1808 2317 (Virgil.
1835 2264 1939 2304 Aen.
1965 2263 2046 2314 111,
2075 2264 2186 2317 350)
2213 2280 2319 2308 con-

177 2337 304 2379 feras.
343 2331 526 2390 rapidus
558 2332 660 2386 Cyri
696 2331 913 2374 dementia
947 2330 1154 2386 Gyndes:
1192 2330 1461 2386 intelligimus
1501 2330 1605 2373 olim
1641 2329 1868 2386 rapidum:
1905 2345 1994 2372 non
2037 2334 2172 2383 enim,
2215 2333 2319 2375 dum

177 2402 352 2460 rapidus
383 2408 500 2450 erat,
536 2399 611 2441 sed
651 2407 875 2454 postquam
918 2414 941 2439 a
972 2399 1094 2453 Cyro
1133 2400 1177 2439 in
1215 2405 1428 2439 trecentos
1463 2399 1577 2439 rivos
1617 2396 1813 2439 diductus
1853 2405 1894 2439 et
1922 2413 2058 2454 paene
2089 2402 2321 2441 exsiccatus

180 2478 264 2521 est,
302 2475 621 2511 monumentum
651 2469 790 2522 regiae
825 2466 1056 2508 dementiae
1097 2468 1260 2508 exstitit.
1304 2465 1431 2508 Conf.
1476 2466 1529 2507 de
1573 2465 1654 2506 hoc
1680 2479 1835 2519 genere
1876 2466 2156 2520 epithetorum
2183 2465 2315 2509 Iacob

178 2545 358 2598 quaesit.
389 2539 492 2593 epic.
523 2551 562 2591 p.
593 2535 660 2576 66.
693 2559 744 2567 —-
774 2549 813 2576 V.
848 2534 941 2575 145.
983 2534 1277 2575 Lachmannus
1306 2532 1437 2574 verba
1470 2533 1622 2574 ultima
1650 2535 1817 2574 vicinus
1847 2532 2023 2575 Phoebo
2055 2539 2175 2574 tenet
2203 2549 2316 2577 arva

177 2605 440 2666 parenthesis
470 2606 598 2659 signis
623 2601 811 2648 inclusit:
851 2600 969 2657 quod
999 2602 1098 2643 mihi
1138 2604 1258 2643 etiam
1291 2600 1507 2642 molestius
1534 2600 1703 2641 videtur
1741 2615 1843 2642 esse.
1885 2598 2096 2641 Schrader
2124 2603 2317 2655 reposuit

178 2675 250 2719 vel
289 2687 468 2728 eumque
509 2678 676 2713 secutus
716 2677 779 2710 est
808 2670 1004 2710 Vossius.
1054 2670 1194 2724 Atque
1231 2670 1290 2710 ita
1318 2667 1400 2722 legi
1430 2669 1472 2708 in
1512 2665 1623 2708 libro
1652 2668 1821 2709 Monac.
1853 2666 2095 2708 Huschkius
2125 2675 2317 2712 testatur.

177 2744 339 2799 Negari
366 2742 533 2796 nequit,
563 2737 676 2780 haud
707 2736 927 2778 commode
957 2750 1026 2787 ea,
1058 2750 1168 2791 quae
1199 2751 1221 2777 a
1249 2750 1375 2776 versu
1405 2735 1488 2775 140
1518 2742 1804 2790 exponuntur,
1834 2748 1927 2774 cum
1952 2733 2084 2776 verbo
2116 2749 2323 2779 remora-

178 2811 297 2854 bitur
326 2809 452 2863 iungi.
503 2804 714 2862 Equidem
744 2812 849 2860 puto
886 2812 985 2860 post
1013 2818 1160 2845 vocem
1191 2803 1352 2846 colono
1382 2804 1514 2843 maius
1545 2800 1828 2857 distinguendi
1857 2803 2018 2856 signum
2050 2802 2316 2857 ponendum:

179 2886 320 2921 cetera
339 2878 396 2917 ita
416 2872 755 2929 interpungenda
778 2887 888 2923 esse,
909 2878 955 2913 ut
976 2870 1250 2926 intelligatur,
1279 2885 1346 2921 ea,
1372 2884 1481 2924 quae
1504 2869 1842 2925 subsequuntur,
1863 2868 1964 2911 Nec
1985 2884 2073 2926 qua
2094 2869 2164 2912 vel
2177 2869 2317 2914 Nilus

178 2960 316 3003 usque
356 2942 411 2985 ad
446 2955 596 2982 vocem
632 2941 791 2989 amnis,
829 2938 1017 2982 membra
1053 2954 1130 2981 seu
1170 2945 1312 2994 partes
1349 2951 1442 2979 esse
1481 2936 1668 2979 eiusdem
1705 2939 1960 2988 sententiae,
2000 2938 2118 2978 cuius
2155 2952 2320 2981 summa
