2462 3112
1284 154 1345 199 Π

230 278 290 318 ἄν
317 265 472 327 iuncti,
511 276 566 320 ab
593 277 680 319 hoc
711 266 811 320 loco
848 269 1014 319 alicnus
1043 283 1105 318 est
1122 310 1131 327 ,
1170 290 1264 318 cum
1294 284 1423 333 poeta
1451 277 1530 319 ha‘c
1559 285 1647 320 arte
1680 292 1756 320 sua
1783 278 2055 322 coniectandi
2082 279 2300 335 glorietur.
2331 285 2388 312 -ἰ

229 358 268 385 v.
292 344 356 384 11.
387 344 450 385 Ex
468 345 672 386 varietate
702 346 939 400 scripturae
969 358 992 384 a
1019 343 1238 399 plerisque
1258 358 1392 387 succo
1425 343 1637 386 delectum
1660 352 1744 387 est:
1776 347 2028 402 quamq'uam
2053 345 2184 388 altera
2205 347 2387 403 scriptu·
2438 372 2455 388 -

229 425 276 452 ra
296 409 416 463 suco
447 410 630 467 plurium
661 410 869 454 librorum
899 411 1151 452 auctoritate
1180 411 1340 452 nititur.
1383 409 1608 453 Cav'ebant
1633 414 1849 463 nimirum,
1879 426 1934 454 ne
1964 412 2277 471 cataplasmata,
2304 412 2386 456 sed

228 486 454 534 smegmata
494 481 520 521 i.
551 494 586 521 e.
618 481 732 520 succi
774 479 990 521 aromatici
1022 477 1367 533 intelligerentur
1395 477 1534 529 (conf.
1564 479 1734 521 Dissen.
1766 479 1818 522 ad
1847 480 1886 522 h.
1918 479 1977 531 l.).
2035 481 2091 522 At
2117 486 2234 522 recte
2266 481 2388 538 Hey—

228 547 325 587 nius
345 546 445 587 mihi
475 545 647 588 videtur
666 547 900 595 monuisse,
931 545 1147 600 epitheton
1179 542 1420 600 splendens
1449 546 1578 601 magis
1597 544 1741 599 fuco,
1771 561 1895 602 quam
1923 561 2057 589 succo
2093 546 2388 590 accommoda—

229 620 316 654 tum
343 627 447 655 esse.
485 613 598 655 Idem
627 621 769 655 tamen
786 612 964 654 multum
992 611 1131 663 abest,
1163 619 1210 653 ut
1239 626 1419 654 succum
1449 613 1627 662 reficiat,
1659 615 1817 669 quippe
1847 613 1966 669 quod
1993 628 2120 670 saepe
2151 613 2279 656 docte
2305 626 2387 670 po—

231 681 356 721 situm
386 682 437 721 sit
467 693 547 735 pro
572 679 708 733 fuco.
770 679 904 735 Quod
938 681 973 721 si
1003 681 1060 720 ita
1092 686 1179 729 est,
1218 679 1333 721 haud
1372 681 1461 721 scio
1493 693 1547 721 an
1585 686 1699 720 recte
1735 682 1947 736 scripserit
1979 679 2224 723 Huschkius
2251 679 2385 734 suc-ot

233 746 437 802 Scaliger-i
478 754 616 788 autem
647 753 930 789 commentum
972 759 1185 788 onerasse
1219 747 1378 787 nemini
1417 760 1500 788 nec
1534 745 1763 802 probatum
1802 755 1865 790 est
1893 761 1976 790 nec
2012 747 2189 803 probari
2216 750 2387 804 poterit

229 807 293 856 Ut
331 816 438 855 enim
475 813 728 870 cataplasma
759 813 1045 870 intelligatur,
1091 816 1313 856 satirarum
1342 816 1486 870 potius
1506 848 1515 865 ,
1552 828 1676 869 quam
1704 813 1932 870 elegiarum
1961 817 2208 871 scriptorem
2237 814 2387 857 deceat

231 880 373 923 dicere
405 895 608 924 onerat-e.
649 881 824 923 ornare
856 880 1060 937 denique,
1094 895 1187 922 cum
1219 881 1455 937 perfectum
1479 880 1709 922 verborum
1741 881 1955 932 coluisse,
1985 880 2167 938 dis-pos„
2197 881 2384 932 euboea,

230 950 312 990 vim
343 952 577 1004 praesentis
607 948 781 999 haheat,
813 947 990 990 dubium
1020 962 1111 990 non
1144 955 1228 998 est,
1258 950 1362 1003 quin
1393 950 1436 989 in
1467 948 1550 989 hoc
1579 962 1757 990 numero
1787 948 1889 990 ferri
1918 950 2071 1004 possit:
2101 963 2250 991 verum
2283 963 2388 992 con-

231 1016 469 1059 cedendum
501 1020 607 1067 erit,
646 1019 773 1058 unius
803 1018 1015 1058 varietatis
1045 1018 1179 1072 gratia
1209 1015 1253 1058 id
1281 1015 1465 1058 factum:
1505 1030 1601 1057 nam
1631 1030 1741 1071 quae
1769 1015 1850 1057 alia
1880 1018 1933 1058 sit
1967 1018 2078 1058 ratio
2107 1018 2255 1059 variati
2282 1023 2387 1059 tem-

230 1086 374 1140 poris,
413 1098 502 1126 non
531 1083 682 1140 liquet.
736 1085 915 1125 Aurium
947 1090 1059 1125 certe
1088 1082 1248 1124 iudicio
1278 1082 1512 1139 perfectum
1544 1096 1732 1124 ornasse
1750 1115 1760 1133 ‚
1797 1082 1915 1139 quod
1946 1082 2147 1125 Italorum
2177 1090 2267 1134 est,
2297 1097 2385 1125 non

231 1153 369 1194 minus
401 1151 752 1201 commendatur,
793 1166 918 1207 quam
950 1164 1150 1206 praesens
1181 1165 1359 1192 ornare.
1419 1151 1508 1191 Res
1536 1151 1664 1205 igitur
1692 1149 1782 1191 sola
1811 1150 2004 1192 codicum
2035 1152 2286 1193 auctoritate
2313 1150 2386 1192 de-

231 1220 430 1260 cernitur.
454 1243 506 1251 -
536 1234 575 1260 v.
595 1219 659 1259 14.
699 1232 899 1275 enseque
930 1231 1210 1274 compressos
1240 1212 1413 1274 colligit
1441 1224 1543 1259 arta
1571 1215 1708 1273 pedes
1737 1219 1762 1258 i.
1795 1232 1829 1259 e.
1860 1216 2073 1259 vinculum
2105 1218 2193 1259 sive
2220 1217 2385 1260 habena

231 1284 430 1341 crepidae
459 1292 542 1326 tam
572 1293 662 1327 arta
694 1292 777 1336 est,
809 1292 854 1326 ut
875 1284 1007 1341 pedes
1039 1286 1287 1340 comprimat
1318 1298 1461 1339 eoque
1492 1283 1673 1340 colligat.
1712 1283 1912 1326 offendit
1941 1284 2104 1326 locutio
2126 1283 2263 1342 pedes
2293 1284 2385 1327 col-

230 1353 350 1411 ligit;
380 1368 474 1394 nam
498 1352 631 1408 pedes
652 1366 741 1394 non
773 1359 819 1394 ut
849 1351 991 1407 capilli
1012 1353 1056 1393 in
1077 1351 1238 1394 nodum
1270 1351 1528 1406 colliguntur
1547 1351 1812 1407 multumque
1838 1351 1983 1393 differt
2009 1354 2121 1393 inter
2147 1351 2250 1394 haec
2275 1351 2384 1402 duo,

230 1420 447 1478 'colligere
476 1419 647 1476 aliquid
665 1427 703 1461 et
726 1434 775 1461 se
800 1419 1017 1476 colligere
1037 1420 1083 1461 in
1105 1417 1284 1475 aliquid.
1316 1420 1480 1459 Verum
1503 1418 1737 1474 prudenter
1757 1426 1883 1474 poeta
1905 1417 2068 1461 addidit
2088 1432 2385 1475 compressos,

231 1501 319 1543 quo
350 1486 497 1528 addito
530 1487 633 1542 quid
664 1486 801 1528 valeat
831 1486 1066 1543 colligere,
1102 1493 1288 1541 apparet.
1338 1485 1614 1542 Colliguntur
1644 1487 1772 1536 enim,
1803 1500 1914 1542 quae
1941 1485 2161 1541 dissipata,
2191 1485 2384 1536 disiecta,

230 1569 375 1610 sparsa
397 1561 512 1596 sunt:
536 1568 645 1609 quae
669 1553 890 1603 diffluunt,
921 1552 1179 1595 dilabuntur.
1210 1553 1350 1595 Pedes
1374 1555 1501 1608 igitur
1521 1560 1671 1594 natura
1700 1552 1872 1594 latiores
1894 1555 1929 1594 si
1949 1552 2120 1608 crepida
2141 1555 2386 1609 angustiore

231 1623 593 1677 comprimuntur,
634 1621 788 1678 colligi
822 1634 909 1662 non
947 1622 1089 1676 inepte
1121 1620 1330 1662 dicuntur.
1389 1621 1488 1661 Iure
1525 1622 1653 1675 igitur
1682 1621 1906 1675 Heynius,
1947 1619 2219 1670 Huschkius,
2249 1620 2385 1662 Laeli*

229 1700 438 1739 mannus,
468 1689 694 1730 Dissenius
734 1690 986 1744 scripturam
1023 1687 1211 1746 colligat
1249 1687 1539 1743 repudiarunt.
1604 1686 1801 1744 Colligat
1839 1701 1939 1728 num
1971 1689 2144 1728 omnino
2182 1687 2250 1728 hic
2278 1690 2384 1743 poni

229 1758 439 1813 potuerit,
469 1755 594 1798 valde
625 1755 796 1798 dubito:
828 1763 950 1797 sonat
985 1757 1095 1796 enim
1123 1753 1259 1811 pedes
1290 1754 1510 1811 colligare
1536 1753 1664 1808 longe
1689 1752 1816 1795 aliud.
1850 1754 2045 1803 Accedit,
2075 1754 2194 1810 quod
2224 1754 2385 1810 epithe-

230 1833 308 1867 ton
345 1831 446 1866 arta
477 1826 501 1865 i.
533 1837 567 1865 e.
597 1825 913 1880 constringens
951 1825 1035 1864 vim
1072 1820 1190 1864 verbi
1223 1822 1368 1879 ligare
1398 1823 1588 1863 continet
1609 1853 1618 1871 ,
1658 1819 1781 1862 verbi
1815 1820 1967 1878 legere
1994 1835 2082 1863 non
2111 1823 2211 1863 item
2242 1821 2383 1874 (conf.

230 1891 420 1934 Huschk.
442 1890 495 1933 ad
513 1891 631 1943 h.1.).
650 1914 702 1922 —
721 1906 758 1932 v.
780 1891 845 1932 15.
875 1893 971 1947 ipsa
999 1890 1059 1947 pl.
1090 1892 1150 1931 sic
1181 1890 1324 1945 Heyn.
1355 1895 1397 1930 et
1427 1887 1637 1936 Huschk.;
1665 1887 1740 1929 sed
1772 1903 1866 1929 cum
1893 1891 2028 1930 oratio
2058 1889 2299 1931 aMaratho
2329 1888 2384 1930 ad

231 1959 436 2016 puellam,
468 1959 521 2000 de
537 1973 620 2013 qua
639 1964 764 2013 poeta
787 1958 978 2000 nondum
997 1957 1166 1999 locutus
1186 1963 1267 2006 est,
1298 1955 1591 2006 transferatur,
1619 1957 1715 2013 ipsa
1734 1958 1871 1997 minus
1888 1955 2043 2011 placet,
2071 1970 2196 2011 quam
2218 1955 2308 1998 illa.
2329 1979 2383 1988 -—

230 2043 270 2068 v.
294 2028 358 2069 17.
386 2025 655 2082 pallentibus
679 2024 836 2067 herbis.
867 2026 1013 2066 Poetis
1044 2039 1172 2080 saepe
1203 2038 1290 2074 reS,
1321 2038 1431 2079 quae
1458 2022 1623 2079 pallore
1646 2022 1859 2073 inficiunt,
1891 2025 2002 2078 ipsas
2032 2022 2116 2064 dici
2141 2023 2383 2080 pallentes,

231 2102 379 2137 notum
398 2101 471 2135 est.
507 2095 648 2148 Atque
666 2092 780 2147 apud
801 2091 1006 2133 Ovidium
1026 2093 1075 2132 ll.
1096 2099 1171 2133 art.
1194 2106 1270 2132 am.
1297 2106 1336 2131 v,
1358 2091 1450 2131 105.
1481 2097 1626 2146 potest
1654 2097 1879 2146 utrumque
1909 2097 2007 2146 apte
2038 2090 2140 2140 dici,
2165 2091 2386 2147 pollentia

234 2170 277 2205 et
295 2162 511 2219 pallentia
527 2159 706 2218 philtra.
738 2166 923 2215 praestat
943 2167 1078 2201 tamen
1093 2159 1335 2215 pallentia,
1366 2160 1525 2213 quippe
1543 2156 1660 2213 quod
1685 2157 1770 2198 illic
1787 2156 2091 2212 significantius
2110 2159 2180 2206 sit;
2212 2158 2383 2200 Metam.

233 2237 371 2271 autem
393 2228 470 2269 IV.
489 2228 575 2269 49.:
606 2229 867 2283 nimiumque
885 2226 1134 2282 potentibus
1151 2225 1308 2268 herbis.
1343 2226 1477 2266 Etiam
1496 2225 1579 2266 hoc
1598 2224 1716 2275 loco,
1743 2223 1818 2265 ubi
1839 2223 1894 2265 de
1913 2226 2142 2265 carminum
2167 2230 2210 2266 et
2229 2223 2384 2267 herba-

231 2311 345 2346 rum,
369 2294 525 2351 quibus
544 2297 708 2336 iuvenis
729 2301 876 2349 captus
897 2301 936 2335 et
955 2294 1177 2336 devinctus
1196 2299 1410 2343 teneatur,
1432 2294 1475 2333 vi
1493 2299 1533 2333 et
1554 2291 1782 2333 efficientia
1801 2293 1955 2347 agitur,
1980 2304 2032 2332 eo
2050 2293 2188 2333 minus
2206 2298 2385 2334 cunctor

231 2363 425 2418 amplecti
457 2364 705 2418 scripturam
734 2361 1023 2419 pollentibus,
1057 2360 1175 2416 quod
1198 2359 1348 2416 paullo
1368 2359 1476 2400 infra
1497 2362 1563 2411 (v.
1584 2359 1672 2410 52.)
1697 2357 1838 2414 pallor
1864 2365 2228 2400 commemoratur.
2264 2358 2382 2401 Idem

231 2437 457 2474 senserunt
477 2430 672 2484 Heynius
701 2436 742 2470 et
765 2428 1021 2470 Huschkius.
1060 2428 1393 2478 Lachmannum,
1425 2428 1493 2468 cui
1521 2424 1794 2483 pallentibus
1824 2424 2002 2480 placuit,
2029 2433 2269 2480 sequuntur
2282 2425 2382 2468 Dis·

232 2501 375 2542 senius
406 2505 447 2539 et
467 2496 708 2552 Gruppius:
737 2497 961 2537 Dissenius
991 2503 1132 2537 tamen
1162 2502 1321 2536 mutata
1351 2495 1561 2535 sententia
1593 2495 1636 2534 in
1668 2491 1839 2534 alteram
1868 2500 2030 2548 partem
2061 2490 2250 2534 discessit
2271 2492 2379 2544 (vid.

234 2568 324 2608 'eius
356 2571 500 2606 annot.
529 2563 582 2605 ad
614 2564 653 2604 h.
684 2563 748 2614 l.).
782 2586 835 2594 —
872 2562 995 2604 v.22.
1042 2569 1087 2604 et
1106 2561 1293 2616 faceret
1316 2586 1363 2591 —
1389 2563 1427 2603 si
1456 2575 1549 2603 non
1567 2565 1813 2602 —sonent.
1858 2560 1928 2601 De
1955 2561 2257 2601 consecutione
2282 2565 2385 2601 tem-

233 2647 385 2690 porum
416 2634 460 2673 in
489 2631 552 2672 his
583 2630 838 2672 carminibus
859 2644 984 2686 saepe
1003 2629 1252 2686 perturbata
1270 2629 1494 2670 Dissenius
1523 2627 1746 2684 diligenter
1768 2627 1965 2668 disseruit
1984 2629 2028 2668 in
2049 2625 2209 2682 proleg.
2227 2641 2266 2682 p.
2287 2626 2382 2668 180.

235 2702 393 2742 Totum
423 2698 466 2740 id
497 2712 630 2754 genus
658 2697 710 2739 ad
742 2711 877 2739 unam
905 2699 1114 2739 rationem
1145 2698 1340 2738 revocari
1371 2702 1411 2736 et
1441 2701 1582 2750 potest
1612 2701 1654 2735 et
1684 2693 1832 2744 debet,
1866 2693 1920 2735 ad
1948 2692 2167 2734 brevitatis
2196 2692 2382 2735 studium

233 2782 311 2810 seu
340 2765 563 2808 artificium
593 2766 755 2820 potius,
785 2779 874 2820 quo
896 2764 1006 2807 duae
1034 2766 1078 2806 in
1106 2779 1232 2805 unam
1262 2763 1506 2805 conflantur
1532 2764 1788 2804 sententiae:
1821 2761 1942 2803 velut
1967 2762 1997 2802 Ι.
2020 2761 2067 2812 4,
2097 2760 2164 2802 63.
2197 2763 2382 2804 carmina

232 2837 279 2877 ni
309 2836 410 2882 sint,
442 2847 491 2874 ex
521 2832 697 2874 humero
715 2831 889 2887 Pelopis
918 2845 1008 2873 non
1037 2833 1231 2873 nituisset
1262 2829 1381 2872 ebur.
1430 2830 1650 2871 Sententia
1679 2828 1883 2885 explicata
1912 2828 2020 2870 haec
2046 2835 2129 2870 est:
2163 2830 2262 2884 quia
2291 2843 2382 2870 car-

234 2903 344 2944 mina
376 2907 492 2950 sunt,
523 2914 572 2940 ex
599 2899 637 2940 h.
668 2899 713 2939 P.
749 2900 873 2940 nituit
903 2898 1022 2940 ebur.
1052 2898 1166 2940 idem
1196 2898 1279 2940 hoc
1308 2896 1439 2939 modo
1472 2896 1554 2938 dici
1584 2903 1750 2952 potest:
1790 2895 1857 2936 fac
1874 2928 1885 2947 ,
1914 2894 2030 2936 nulla
2059 2909 2152 2937 esse
2181 2897 2383 2937 carmina:

235 2967 337 3024 quid
364 2968 639 3021 sequeretur?
668 2978 756 3007 non
786 2967 980 3006 nituisset
1009 2964 1127 3006 ebur.
1168 2964 1219 3006 ΙΙ.
1251 2966 1296 3014 4,
1320 2966 1357 3006 7.
1406 2963 1449 3005 Ο
1485 2977 1564 3019 ego
1594 2977 1650 3005 ne
1680 2964 1837 3019 possim
1865 2962 1971 3004 tales
2001 2963 2158 3004 sentire
2188 2959 2380 3011 dolores,
