2462 3112
1143 126 1312 166 XXXII

150 247 233 292 est,
261 246 309 282 ut
327 242 453 283 unius
474 239 574 283 libri
593 240 911 285 Broukhusiani
934 237 1145 297 scriptura
1168 241 1274 285 dum
1296 242 1418 286 alteri
1441 249 1744 299 anteponatur,
1775 258 1871 287 cum
1885 247 2138 301 ¹praesertim
2161 244 2308 288 eadem

138 307 358 364 particula
376 314 418 349 et
433 307 612 363 quidem·
627 308 720 358 aliav
736 307 1047 364 significatione
1065 307 1370 366 subsequatur:
1400 308 1455 351 ad
1474 311 1722 352 sententiam
1746 310 1923 354 alterum
1953 311 2008 354 ab
2031 311 2167 355 altero
2192 311 2309 355 haud

148 373 327 416 multum
344 374 506 417 differt:
524 374 630 417 dum
649 375 774 431 adep.
791 378 901 418 enim
916 383 1059 428 sonat,
1079 390 1205 419 wenn
1220 376 1388 419 ich'nur
1404 376 1643 420 erschaute:
1666 392 1765 421 cum
1780 376 1905 436 adsp.
1922 384 2083 421 autem:
2098 391 2226 421 wann
2241 378 2310 422 ich

140 441 393 484 -anschauen
415 441 592 485 konnte.
629 442 874 485 Parendum
902 445 1031 500 igitur
1054 445 1294 486 auctorita-ti
1318 442 1538 486 librorum.
1559 466 1613 477 —
1630 459 1669 486 v.
1684 444 1723 487 6.
1757 447 1925 503 pingue
1948 445 2095 488 solum
2116 447 2310 489 vinetu'm

140 508 254 559 dici,
284 517 479 565 apparet:
510 523 607 551 nam
630 508 685 552 de
707 523 820 552 arvo
846 509 994 566 paullo
1016 510 1126 552 infra
1148 517 1278 567 poeta
1302 509 1506 566 loquitur.
1550 510 1693 566 Quam
1716 519 1876 554 temere
1893 513 2076 555 Vossius
2097 512 2311 572 subigunt

148 576 195 618 in
212 575 424 633 subigant
446 578 689 628 mutaverit,
716 576 841 619 facile
865 576 1052 629 videbis,
1081 579 1117 620 si
1139 579 1391 620 sententiam
1419 580 1478 620 ita
1508 577 1761 634 explanaris:
1791 592 1870 634 ego
1896 585 2084 622 sectarer
2105 586 2308 632 aratrum,

150 649 200 684 ut
223 642 435 698 agricolae
466 643 609 686 facere
632 642 795 694 solent,
824 643 925 686 dum
947 667 1001 676 —
1016 643 1152 687 boves
1177 643 1391 702 subigunt.
1431 643 1532 699 Qua
1554 646 1903 701 interpretatione
1923 645 2099 688 multum
2121 645 2241 689 abest
2261 653 2310 689 ut

151 711 406 760 enuntiatio,
437 724 548 765 quae
578 724 655 766 per
682 712 1029 753 coniunctionem
1056 710 1162 753 dum
1185 711 1384 768 copulata
1411 718 1493 762 est,
1525 710 1579 754 ab
1605 711 1883 768 hypothetica
1903 714 2111 755 sententia
2133 712 2310 756 divella-

150 782 233 817 tur.
279 776 401 818 Haec
431 778 572 818 omnia
602 783 645 819 et
675 791 699 818 a
728 776 864 819 verbo
894 784 1096 821 sectarer
1122 777 1336 834 pendent,
1369 785 1411 820 et
1437 780 1480 820 vi
1510 780 1600 820 eius
1626 777 1905 821 conditionali
1929 781 2051 835 quasi
2079 781 2309 836 tinguntur.

144 842 312 884 Iniuria
341 844 469 898 igitur
490 843 714 886 Dissenius
739 844 962 887 Huschkio
996 844 1257 887 adversatur.
1314 845 1384 887 De
1412 846 1560 887 Vossii
1587 847 1834 887 coniectura
1864 859 2026 888 curvus
2055 847 2135 887 iam
2164 860 2188 888 a
2211 846 2311 888 Dis-

150 911 273 952 senio
303 910 489 952 refutata
520 911 660 954 dicere
689 911 963 967 supersedeo.
1015 912 1229 963 Gur-vum,
1266 926 1355 968 quo
1394 912 1580 968 epitheto
1611 913 1756 954 aratri
1777 910 1884 953 nihil
1906 911 2020 967 apud
2049 918 2200 968 poetas
2229 912 2312 956 fre-

152 979 352 1033 quentius
383 985 466 1028 est,
497 979 578 1020 hoc
607 978 707 1020 loco
736 985 916 1034 propter
939 977 1120 1021 verbum
1146 978 1417 1035 subsequens
1444 986 1645 1022 sectarer
1668 978 2004 1021 commodissime
2027 981 2212 1035 positum
2236 985 2311 1022 est.

152 1043 336 1086 Stet-iles
353 1043 488 1086 hoves
506 1047 524 1095 (
532 1050 641 1098 βοῦς
658 1050 821 1098 στεῖραι
838 1046 965 1087 Hom.
983 1063 1024 1087 κ.
1042 1045 1139 1087 522.
1153 1063 1199 1087 υ.
1220 1045 1335 1098 186.)
1351 1044 1513 1088 viribus
1537 1045 1690 1088 valent.
1721 1044 1828 1088 Inde
1846 1045 1996 1102 virgil.
2017 1045 2175 1102 Georg.
2193 1046 2226 1088 Ι.
2243 1046 2311 1088 65.

144 1110 316 1167 -Pingue
346 1110 486 1153 solum
515 1111 651 1153 fortes
680 1114 893 1154 invertant
921 1114 1044 1154 tauri.
1063 1136 1120 1144 —
1141 1127 1180 1154 v,
1197 1113 1237 1154 9.
1268 1112 1512 1154 Huschkius
1543 1112 1815 1168 reprehensis
1844 1114 1915 1163 iis,
1945 1114 2019 1168 qui
2048 1115 2314 1169 scripsissent

154 1192 384 1234 quererer,
410 1193 639 1235 quum2pro
665 1180 875 1234 scriptura
900 1194 1129 1235 quererer,
1160 1178 1283 1236 quod
1304 1182 1607 1236 propugnavit:
1630 1178 1762 1235 idque
1785 1181 1897 1221 iure:
1923 1178 2002 1221 sed
2027 1179 2147 1236 quod
2168 1186 2312 1236 negat,

153 1245 334 1287 alterum
365 1245 495 1287 latine
523 1245 680 1287 dictum
714 1259 832 1297 esse,
868 1245 1042 1288 fallitur.
1095 1246 1262 1302 Quidni
1292 1249 1403 1289 enim
1433 1249 1558 1303 queri
1585 1245 1784 1288 absolute
1810 1248 1914 1302 poni
1943 1249 2110 1302 possit?
2150 1245 2313 1300 Quere-

155 1327 231 1354 νει·
247 1344 262 1363 ,
303 1328 437 1369 quum
470 1311 763 1368 explicandum
804 1320 946 1355 esset:
983 1313 1051 1355 ich
1080 1312 1233 1355 warde
1262 1313 1400 1369 Klage
1437 1313 1626 1356 erheben
1644 1346 1653 1364 ‚
1690 1326 1848 1355 wann:
1885 1311 2066 1355 alterum
2094 1312 2208 1356 valet
2245 1313 2313 1355 ich

151 1379 306 1422 wiirde
344 1379 526 1434 klagen,
570 1379 690 1421 dass:
728 1379 835 1421 haec
872 1382 1136 1423 constructio
1177 1382 1329 1423 usitata
1360 1387 1435 1423 est.
1492 1380 1578 1423 Sed
1615 1382 1650 1422 si
1680 1379 1858 1422 alterum
1886 1386 2097 1436 praestat,
2135 1374 2313 1423 alterum

153 1460 246 1490 non
276 1453 358 1497 est,
389 1447 509 1502 quod
530 1446 714 1489 barbare
745 1446 904 1490 dictum
934 1455 1119 1503 putetur.
1163 1448 1251 1490 Pro
1282 1447 1482 1491 laederet
1512 1453 1556 1489 et
1585 1449 1630 1488 in
1662 1446 1754 1489 aliis
1783 1446 1903 1488 libris
1932 1445 2087 1502 legitur
2115 1445 2314 1489 laederet

150 1520 254 1561 aut:
284 1513 391 1555 illud
410 1514 725 1565 Lachmannus,
755 1514 1000 1566 Dissenius,
1030 1515 1272 1571 Gruppius‚
1303 1515 1386 1557 hoc
1406 1516 1603 1570 Heynius
1634 1521 1675 1556 et
1698 1513 1942 1556 Huschkius
1964 1520 2148 1556 tuentur.
2180 1514 2314 1569 Equi-

155 1580 252 1623 dem
282 1583 531 1636 scripturam
564 1587 607 1622 et
645 1595 885 1636 germanam
925 1581 1065 1633 duco,
1104 1583 1264 1638 quippe
1296 1596 1407 1638 quae
1440 1589 1482 1623 et
1518 1581 1726 1623 librorum
1764 1582 2016 1623 auctoritate
2054 1587 2097 1622 et
2135 1594 2182 1622 re
2221 1583 2313 1636 ipsa

156 1647 487 1690 commendetur.
520 1648 620 1689 Nec
638 1649 747 1689 enim
774 1647 1045 1699 alterutrum,
1077 1648 1153 1691 sed
1173 1655 1402 1704 utrumque
1419 1647 1613 1691 accidere
1635 1647 1744 1690 solet
1763 1647 2023 1691 aratoribus:
2050 1661 2162 1703 quae
2186 1648 2314 1704 igitur

157 1716 223 1756 rei
252 1715 504 1756 necessitate
533 1716 678 1755 iuncta
707 1721 825 1764 sunt,
857 1716 1123 1770 cogitationis
1153 1714 1332 1757 arbitrio
1363 1717 1527 1757 secerni
1555 1728 1646 1757 non
1676 1714 1850 1757 debent.
1868 1739 1921 1747 -
1945 1729 1983 1755 v.
2003 1714 2054 1755 ll
2072 1728 2163 1769 sqq.
2191 1716 2314 1769 pavit

150 1787 204 1824 >et
218 1780 404 1823 Admeti
423 1806 474 1814 --
494 1779 702 1838 quicquid
727 1788 827 1823 erat
857 1780 1067 1824 medicae.
1107 1782 1226 1823 Haec
1253 1783 1312 1823 ita
1341 1781 1604 1838 explananda
1633 1788 1743 1824 sunt.
1786 1780 1946 1837 Apollo
1975 1789 2120 1822 amore
2149 1783 2195 1822 in
2224 1780 2314 1822 Ad-

157 1855 316 1891 metum
340 1855 488 1904 captus
511 1863 555 1890 se
581 1848 782 1904 expedire
804 1847 926 1891 nullo
951 1856 1077 1905 pacto
1103 1856 1282 1904 poterat.
1323 1848 1435 1892 Cum
1460 1863 1605 1905 neque
1627 1864 1694 1891 ars
1714 1848 1870 1890 cithara
1888 1847 2068 1890 canendi
2085 1853 2158 1890 aut
2179 1847 2318 1890 forma.

157 1916 391 1972 quidquam
424 1918 463 1957 ei
495 1915 549 1957 ad
580 1915 892 1958 conciliandum
925 1916 1096 1958 Admeti
1126 1917 1307 1958 animum
1337 1916 1562 1971 prodesset
1591 1930 1672 1958 nec
1699 1915 1792 1966 illa,
1826 1929 1911 1971 qua
1941 1914 2191 1965 excellebat,
2230 1928 2315 1956 me-

160 1982 291 2025 dendi
329 1984 480 2037 peritia
521 1982 575 2024 ad
604 1982 840 2024 sanandum
868 1982 952 2024 hoc
980 1982 1134 2025 vulnus
1161 1982 1325 2025 valeret
1360 1982 1593 2036 (conferat.
1619 1983 1812 2039 Propert.
1844 1982 1895 2024 ll.
1931 1982 1976 2033 1,
2015 1982 2112 2034 59.)
2150 1981 2315 2025 abiecto

153 2048 330 2106 pudore
362 2050 467 2091 deus
497 2063 670 2105 praeses
688 2050 910 2092 Musarum
939 2063 1029 2092 non
1048 2052 1209 2092 veritus
1235 2057 1297 2092 est
1323 2049 1378 2092 ad
1403 2050 1600 2092 servilem
1628 2064 1799 2106 operam
1826 2047 2110 2100 descendere,
2139 2063 2315 2105 pascere

160 2131 308 2172 greges
327 2117 515 2167 Admeti,
544 2118 750 2158 rusticari.
769 2140 822 2149 —
851 2131 891 2159 v,
913 2118 966 2158 15
984 2131 1046 2173 sq.
1081 2117 1224 2159 Locus
1251 2123 1314 2159 est
1335 2117 1508 2159 mutilus
1538 2123 1580 2159 et
1607 2123 1852 2172 corruptus:
1883 2121 2187 2171 pentametrum
2215 2114 2316 2158 sub-

152 2183 347 2227 ‚dititium
372 2198 485 2234 esse,
515 2185 626 2225 inter
651 2198 798 2226 omnes
821 2191 1009 2226 constat:
1041 2198 1151 2240 quae
1176 2187 1383 2226 sententia
1410 2184 1555 2235 fuerit,
1587 2183 1737 2239 dispici
1753 2189 1915 2239 potest,
1944 2181 2078 2224 verba
2101 2184 2316 2238 scriptoris

155 2253 329 2292 restitui
358 2264 447 2292 non
476 2257 667 2306 possunt.
710 2251 831 2293 Num
860 2250 915 2293 de
945 2253 1175 2307 aquatione
1202 2265 1340 2293 sermo
1366 2251 1514 2302 fuerit,
1546 2266 1657 2307 quae
1689 2257 1779 2291 erat
1802 2250 2012 2304 Aurispae
2042 2250 2209 2304 opinio,
2242 2248 2316 2290 ad-

155 2317 336 2360 modum
368 2316 545 2359 dubium
577 2324 664 2359 est:
702 2318 877 2359 nimium
907 2317 1056 2360 tribuit
1084 2319 1269 2374 Aurispa
1301 2317 1426 2359 simili
1459 2317 1559 2360 loco
1580 2317 1750 2373 Virgilii
1790 2314 1960 2370 (Eclog.
1985 2315 2055 2356 lx.
2078 2314 2178 2368 23.)
2230 2315 2317 2357 Sed

156 2399 260 2426 ,cum
279 2384 478 2426 Tibullus
499 2384 694 2427 versibus
714 2384 1078 2441 subsequentibus
1100 2385 1154 2427 de
1182 2387 1434 2427 inventione
1454 2384 1572 2426 lactis
1592 2381 1847 2439 coagulandi
1866 2388 1908 2424 et
1931 2382 2039 2423 casei
2057 2379 2317 2423 conficiendi

161 2451 385 2507 loquatur,
414 2451 547 2493 multo
575 2458 637 2494 est
657 2452 943 2504 verisimilius,
975 2466 1048 2503 eo,
1078 2455 1152 2508 qui
1182 2451 1416 2502 intercidit,
1446 2451 1544 2493 loco
1572 2450 1626 2493 de
1653 2449 1813 2491 mulctu
1839 2455 1912 2490 aut
1941 2447 1996 2490 de
2026 2447 2144 2490 lactis
2174 2447 2328 2490 fructu·

157 2521 424 2561 ‹mentionem
454 2519 616 2560 factam.
662 2520 711 2561 In
741 2519 1120 2562 commemorandis
1150 2521 1239 2561 istis
1276 2517 1405 2560 rebus
1442 2516 1676 2560 levioribus
1706 2516 1808 2557 licet
1835 2528 1924 2557 non
1956 2515 2120 2556 mireris
2149 2521 2317 2570 poetam

165 2589 432 2629 immoratum
464 2600 585 2627 esse:
626 2593 907 2641 opponuntur
947 2589 1058 2628 enim
1087 2585 1320 2628 maioribus
1359 2584 1441 2627 illis
1477 2582 1725 2626 muneribus
1745 2616 1755 2633 ‚
1795 2580 1952 2637 quibus
1981 2580 2141 2636 Apollo
2179 2584 2316 2636 prius,

82 2664 88 2666 “
156 2668 294 2709 -quam
332 2652 385 2694 ad
422 2652 527 2694 haec
561 2652 733 2694 humilia
771 2656 1026 2695 rusticorum
1065 2655 1236 2709 negotia
1272 2665 1445 2708 operam
1483 2651 1765 2699 contulisset,
1794 2661 1995 2704 praeesse
2026 2646 2176 2689 solitus
2210 2656 2317 2690 erat:

156 2720 306 2762 ‚oratio
336 2726 478 2760 tamen
513 2718 829 2774 impeditissima
857 2725 994 2761 totum
1027 2719 1110 2761 hoc
1147 2718 1357 2762 distichon
1390 2724 1631 2774 suspectum
1660 2714 1815 2757 reddit.
1868 2714 2033 2756 Etenim
2063 2713 2317 2766 infinitivus,

166 2788 249 2828 nisi
273 2793 347 2827 aut
369 2787 412 2827 in
438 2791 705 2841 pentametro
737 2792 828 2837 aut,
857 2788 894 2827 si
917 2785 1041 2841 plura
1071 2786 1338 2835 exciderunt,
1367 2786 1413 2826 in
1441 2798 1569 2826 versu
1597 2783 1785 2839 proxime
1812 2782 2035 2836 superiore
2061 2779 2222 2823 dicitur
2245 2788 2319 2824 aut

156 2851 529 2908 fertur-positum
549 2852 681 2894 fuisse
710 2858 888 2904 statuas,
917 2866 1007 2895 non
1033 2852 1182 2905 habet,
1211 2851 1328 2895 unde
1347 2857 1470 2908 aptus
1500 2851 1564 2893 sit.
1602 2851 1874 2892 Pentameter
1897 2849 2020 2890 etiam
2044 2861 2318 2891 numerorum

157 2920 271 2962 vitio
293 2918 482 2963 laborat:
513 2918 568 2962 ad
598 2918 718 2976 quod
740 2921 888 2963 vitium
910 2919 1148 2970 tollendum
1166 2919 1365 2966 Muretus
1396 2916 1638 2962 emendavit
1664 2916 1831 2967 mixtis,
1862 2914 2156 2959 Lachmannus
2176 2917 2318 2959 mixtu
