2462 3112
1066 94 1459 154 ——Jx—x-ffl-

190 220 276 256 stas
303 209 510 269 peccandi
534 208 643 262 fiat,
667 215 832 262 monet,
860 214 908 252 ut
930 223 1058 253 nemo
1085 211 1278 263 iuvenis,
1300 214 1382 268 qui.
1401 226 1448 255 se
1477 213 1592 255 omni
1618 213 1861 270 suspicione
1886 211 2071 256 liberum
2086 210 2337 271 *morsalin
2361 246 2367 253 .

192 281 479 324 ei'occurrat:
517 280 594 334 qui
622 279 875 330 occurrerit,
914 284 989 321 ant
1016 277 1283 334 procul‘stet
1311 286 1383 322 aut
1411 278 1588 322 aliavia
1617 294 1665 323 se
1694 280 1925 330 subtrahat.
1982 281 2338 337 ltaquefgiamim-

189 347 418 404 telligitur,
446 345 583 391 verba
611 345 703 388 fene
730 345 836 387 haec
863 345 1014 387 fuisse:
1052 351 1135 388 stet
1162 346 1318 402 procul
1347 353 1422 389 aut
1450 346 1532 390 alia
1561 347 1716 404 fugerit
1743 347 1956 401 (enteile)
1982 354 2078 390 ante
2105 347 2342 404 via-sevin-

191 429 263 457 ces
291 421 381 457 stet
407 413 622 470 procula
650 411 829 455 librario
860 414 1067 455 oscitante
1095 413 1171 456 vel
1205 413 1460 458 dormitante
1495 414 1603 457 male
1640 417 1846 470 repetitae
1883 421 2003 458 sunt:
2040 414 2169 472 quod.
2195 419 2340 465 auten

189 480 448 525 vocabulum
476 478 757 532 interciderit,
793 481 888 535 quis
918 479 1104 529 divinet?
1139 503 1194 513 -
1251 495 1291 523 ν.
1318 482 1392 523 53..
1444 482 1572 525 Haud
1603 481 1734 525 dubie
1764 482 1964 526 Tibullus
1993 484 2340 541 attigerit,··non

191 551 398 607 attigeris
426 550 612 604 scripsit,
649 554 698 590 ut
726 562 782 590 ne
811 548 916 590 haec
943 550 988 590 in
1017 554 1148 590 semet
1175 549 1314 604 ipsum
1344 548 1454 591 dicta
1482 549 1746 593 viderentur.
1776 559 1834 582 ‘-—
1890 565 1931 592 v,
1959 550 2050 593 56.
2075 549 2220 595 Mate.-
2216 557 2342 596 flon-
2412 573 2441 592 -,

189 617 300 661 nulli
326 616 467 659 levem
496 615 707 671 explicant
734 626 898 658 vanam
925 615 996 658 vel
1024 614 1294 659 mendacem.
1333 615 1473 671 Quam
1500 617 1741 673 Dissenius
1757 619 1851 660 iniit
1879 617 2197 674 interpretandi
2210 617 2343 663 ralia·

189 699 306 736 nem,
335 682 464 726 hahet
486 682 578 733 illa,
608 696 697 738 quo
717 682 845 726 valde
867 683 1189 726 commendetur
1214 676 1330 737 (vid.
1343 683 1394 727 C
1418 683 1472 726 G.
1494 683 1652 726 Jacohi
1673 691 1832 740 quaest.
1856 687 1962 741 epic.
1980 697 2025 741 Ρ.
2040 685 2135 743 41).
2174 683 2342 740 Qpinni·

189 760 261 796 tur
291 753 402 794 enim
436 753 504 793 vir
541 750 712 802 doctus,
748 757 920 807 poetam
959 753 1133 793 caritate
1171 750 1342 807 puellae
1373 751 1545 793 ductum
1576 753 1717 794 omnia
1746 751 1801 795 ad
1831 736 2150 795 extenuandum
2170 759 2342 808 poenae

188 828 398 864 terrorem
426 832 706 875 componere:
737 833 823 874 qua
851 818 906 860 de
935 833 1080 860 caussa
1111 825 1152 861 et
1180 821 1329 862 nescio
1353 834 1465 876 quas
1485 833 1580 862 eum
1604 818 1756 862 dixisse
1784 825 1825 871 et
1853 820 1926 862 has
1954 821 2067 876 ipsas
2095 833 2255 876 poenas
2284 817 2342 862 ad

191 902 330 930 unam·
359 900 536 942 eamque
572 885 712 927 levem
746 885 954 941 redigere.
992 909 1046 930 -,-
1103 900 1144 928 V.
1174 886 1241 929 59.
1299 886 1426 930 Haec
1463 885 1568 930 mihi
1605 894 1649 930 te
1685 886 1880 930 adducit.
1936 888 2060 932 Hanc
2093 889 2342 944 scripturam

190 955 389 1011 Heynius
423 954 775 1008 interpretatione
813 954 978 1008 egregie
1015 951 1209 996 firmavit.
1267 954 1426 1010 Neque
1459 956 1504 996 in
1533 953 1677 998 verbis
1707 954 1999 998 contribuisse
2025 957 2234 1012 proprios
2260 969 2342 998 an«-

192 1035 277 1065 nos
307 1027 454 1064 tecum
484 1026 567 1072 est,
598 1019 717 1075 quod
746 1020 933 1062 haereas.
963 1026 1109 1063 tecum
1130 1020 1402 1078 intelligimus
1428 1024 1613 1078 positum
1635 1037 1714 1079 pro
1741 1029 1840 1065 cum
1861 1025 1952 1065 tuis
1971 1024 2128 1072 annis,
2145 1028 2342 1078 ut-‹saepe

191 1089 384 1131 homines
404 1086 562 1139 rebus,
591 1101 661 1129 res
690 1086 953 1139 hominibus,
982 1087 1102 1130 velut
1131 1091 1348 1132 orationes
1380 1090 1538 1146 Lysiae
1569 1105 1663 1132 cum
1692 1090 2001 1140 Demosthene,
2031 1096 2341 1146 comparantun·

192 1155 470 1213 Constructio
507 1154 632 1208 verbi
670 1154 951 1199 contribuere
979 1154 1173 1198 firmatur
1192 1156 1269 1199 vel
1297 1171 1386 1199 uno
1413 1156 1490 1199 illo
1522 1157 1719 1201 Caesaris
1748 1156 2007 1210 loc0·(hell.
2028 1158 2105 1199 civ.
2122 1171 2159 1199 c.
2181 1156 2212 1200 I.-
2232 1156 2338 1208 60)τ

189 1226 399 1267 rationem
442 1229 582 1265 autem
623 1222 749 1265 huius
789 1225 1118 1267 constructionis
1159 1226 1242 1266 iam
1281 1224 1519 1281 Dionysius
1557 1227 1772 1281 perspexit
1809 1225 2005 1266 Vossius.
2047 1237 2144 1266 nam
2183 1225 2219 1265 si
2255 1224 2341 1267 vim

190 1292 317 1334 huius
346 1289 469 1334 verbi
498 1289 774 1346 explicamus,
803 1289 938 1342 valet,
969 1290 1203 1334 tribuendo
1235 1293 1518 1350 coniungere*
1536 1291 1607 1334 vel
1634 1293 1973 1335 communicare.
2002 1315 2055 1323 —
2096 1305 2136 1334 v,
2166 1290 2222 1332 70
2246 1304 2340 1347 sqq.

190 1360 262 1403 De
291 1361 574 1402 coniunctivis
603 1360 710 1411 sint,
745 1360 930 1416 possim,
962 1365 1110 1416 putet,
1148 1358 1308 1410 ducar,
1342 1361 1582 1417 proripiar-
1603 1357 1790 1401 dubitari
1819 1359 1988 1414 nequit:
2025 1371 2121 1399 nam
2148 1363 2198 1400 ut
2224 1362 2341 1399 recte

190 1429 286 1470 viri
311 1427 428 1469 docti
463 1432 739 1477 monuerunt,
774 1425 883 1468 haec
919 1428 1061 1469 omnia
1096 1433 1225 1483 poeta
1259 1426 1489 1482 pollicetur
1524 1441 1572 1469 se
1609 1425 1849 1470 subiturum
1893 1439 1961 1467 ea
1984 1423 2257 1475 condicione,
2292 1420 2362 1468 ut'

191 1494 320 1536 Delia
345 1493 477 1535 fidem
505 1499 704 1549 praestet.
734 1493 849 1538 Num
877 1506 984 1534 vero
1014 1494 1078 1546 (v.
1102 1494 1184 1546 71)
1211 1500 1340 1551 putet
1367 1509 1418 1536 an
1444 1500 1596 1558 puter,
1624 1492 1895 1536 scribendum
1921 1494 1993 1544 sit,
2023 1494 2168 1548 quaeri
2189 1484 2341 1548 potest

188 1562 306 1606 Cum
346 1560 495 1617 paullo
535 1567 631 1603 ante
668 1567 852 1619 appetat
887 1560 1071 1616 legatur,
1118 1575 1323 1616 cumque
1335 1567 1468 1617 poeta
1501 1574 1593 1602 non
1630 1566 1770 1611 curet,
1808 1559 1929 1614 quid
1948 1558 2026 1601 alii-
2055 1564 2228 1615 putent,
2256 1556 2343 1607 sed

193 1629 300 1685 quid
328 1643 413 1670 una
442 1627 570 1669 Delia
598 1632 738 1682 putet,
776 1629 957 1670 activum
980 1629 1160 1683 passivo
1187 1627 1534 1683 anteponendum
1563 1627 1746 1670 videtur.
1804 1627 1879 1668 Est
1914 1640 2016 1671 sane
2052 1625 2208 1681 ellipsis
2241 1639 2343 1682 pror

193 1697 377 1744 nominis
405 1709 474 1736 me
504 1694 650 1750 paullo
680 1694 847 1745 durior,
885 1694 963 1737 sed
994 1696 1093 1749 quia
1122 1697 1315 1750 sequitur
1343 1694 1503 1746 ducar,
1537 1696 1782 1752 proripiar,
1817 1695 1960 1738 omissi
1986 1694 2248 1749 pronominis
2278 1691 2343 1745 of}-

194 1763 334 1806 fensio
364 1762 536 1804 lenitur.
582 1760 629 1802 Si
659 1759 881 1817 ducetque
910 1767 1182 1815 sequeretur,
1213 1763 1497 1804 consentirem
1525 1762 1747 1813 Dissenio‚
1776 1760 2062 1817 recipiendam
2091 1773 2184 1802 esse
2213 1758 2342 1810 Italo-

192 1846 288 1875 rum
316 1832 601 1873 coniecturam
629 1835 781 1885 puter:
812 1830 971 1884 quippe
1001 1842 1051 1869 ea
1083 1830 1194 1870 enim
1225 1830 1359 1871 omnis
1386 1828 1633 1885 ambiguitas
1662 1827 1838 1877 tollitur.
1872 1827 2015 1870 Multo
2046 1833 2184 1869 autem
2211 1828 2344 1883 magis

191 1898 311 1941 haesi
339 1901 384 1940 in
412 1896 557 1939 verbis
587 1895 815 1952 ducarque
845 1896 1016 1952 capillis
1045 1895 1271 1941 Immerito
1300 1910 1471 1952 pronas
1496 1897 1830 1974 proripiarque
1848 1897 1943 1938 vias
1980 1900 2054 1936 aut
2087 1899 2136 1936 ut
2169 1895 2215 1936 in
2251 1893 2342 1945 aliis

193 1965 314 2008 libris
343 1964 515 2020 legitur:
551 1965 598 2006 in
628 1965 838 2021 proprias
868 1964 1025 2005 merito
1054 1965 1367 2020 proripiarque
1394 1965 1510 2006 vias
1560 1963 1670 2005 Nam
1701 1964 1779 2004 etsi
1807 1963 2088 2013 concesseriS,
2123 1962 2367 2011 immerita

196 2031 354 2075 dictum
386 2045 478 2073 esse
507 2044 587 2087 pro
618 2031 815 2087 quamvis
843 2021 1080 2081 immerito,
1107 2036 1248 2072 tamen
1277 2033 1540 2082 consenties,
1566 2032 1704 2072 minus
1734 2028 1955 2071 commode
1983 2027 2098 2077 istud
2124 2029 2342 2086 impierita

197 2099 327 2143 obiici
354 2098 498 2141 verbis
526 2100 565 2140 si
592 2096 699 2155 quid
725 2112 934 2155 peccasse
959 2103 1107 2155 putet:
1138 2111 1321 2152 quorsus
1353 2099 1463 2143 enim
1491 2103 1618 2153 poeta
1648 2111 1695 2141 se
1726 2098 1899 2143 crimine
1925 2101 2096 2152 purgat,
2129 2110 2224 2138 cum
2250 2109 2341 2142 non

194 2174 386 2218 recuset,
416 2168 519 2222 quin
549 2164 728 2209 suborta
758 2164 963 2220 perfidiae
993 2167 1238 2220 suspicione
1265 2167 1527 2220 gravissimas
1555 2175 1716 2220 poenas
1745 2164 1844 2206 luat.
1875 2164 1949 2214 At,
1978 2165 2135 2218 inquit,
2165 2169 2248 2205 tam
2272 2177 2342 2207 se-

194 2249 318 2278 veras
341 2234 464 2289 leges
492 2232 573 2276 sibi
601 2234 798 2288 imponit,
829 2238 877 2274 ut
904 2232 1159 2288 persuadeat
1184 2232 1374 2288 puellae,
1403 2247 1450 2275 se
1478 2232 1728 2275 fidissimum
1754 2232 1868 2283 fore,
1900 2245 1994 2272 cum
2024 2232 2064 2272 ei
2090 2231 2255 2286 copiam
2281 2229 2342 2290 fa*

197 2303 297 2354 ciat,
327 2315 418 2354 non
444 2306 621 2357 propter
650 2302 811 2344 crimen
840 2299 1085 2351 admissum,
1117 2299 1194 2342 sed
1223 2306 1403 2357 propter
1431 2302 1714 2356 suspicionem
1744 2300 1927 2341 criminis
1957 2299 2146 2354 quamvis
2174 2300 2343 2346 inanem

195 2377 280 2414 tam
316 2367 490 2410 acerbas
527 2382 688 2424 poenas
726 2367 930 2423 exigendi.
996 2365 1104 2411 Non
1140 2367 1251 2409 male
1287 2367 1409 2410 istud*
1440 2367 1832 2424 quidem,³fateor:
1873 2372 1920 2412 et,
1949 2372 2129 2422 possunt
2162 2365 2342 2426 fortasse

194 2435 330 2480 <verba
368 2435 518 2477 Ovidii
546 2434 799 2479 'fulciendae
836 2436 934 2477 voci
969 2436 1184 2477 immerito
1225 2434 1418 2477 adhiberi
1455 2437 1574 2489 (Am.
1597 2435 1649 2477 ΙΙ.
1672 2436 1716 2485 7,
1741 2435 1844 2486 28):
1881 2448 1959 2489 per
1994 2434 2207 2480 Venerem
2241 2434 2340 2478 iuro

196 2505 407 2561 puerique
432 2493 627 2544 volatilis
647 2516 810 2553 arcum,
839 2502 916 2544 Me
944 2515 1043 2544 non·
1064 2502 1232 2544 admissi
1264 2504 1446 2545 criminis
1478 2516 1573 2544 esse
1601 2516 1733 2543 reum.
1765 2502 1902 2543 Etiam
1929 2514 2013 2542 vox
2039 2514 2209 2560 pronas
2237 2511 2342 2559 con-

198 2573 310 2628 gruit
333 2584 430 2612 cum
448 2568 595 2615 „verbo
622 2571 874 2626 proripere:
904 2576 963 2622 at,
995 2579 1177 2625 quaeso,
1207 2569 1310 2625 quid
1337 2570 1419 2613 hoc
1443 2569 1543 2612 loco
1570 2583 1741 2611 caussae
1769 2575 1850 2619 est,
1882 2582 1958 2609 cur
1983 2567 2067 2608 hoc
2095 2566 2342 2610 attributum

196 2644 332 2695 poeta
356 2636 584 2692 delegerit?
625 2636 759 2692 Quia,
789 2639 946 2692 inquit,
974 2637 1138 2680 Romae
1164 2639 1258 2679 viae
1289 2644 1408 2679 erant
1436 2637 1526 2679 fere
1557 2636 1762 2679 declives:
1793 2638 1892 2691 quia
1919 2637 1965 2677 in
1992 2634 2144 2679 declivi
2171 2636 2242 2676 via
2269 2633 2343 2680 alt-
2409 2685 2417 2688 „

200 2706 296 2761 quis
325 2703 439 2744 facili
467 2705 639 2759 negotio
669 2715 875 2760 praeceps
906 2705 1052 2760 agitur.
1087 2703 1305 2759 Intelligo:
1334 2717 1417 2745 nec
1445 2710 1584 2747 tamen
1612 2704 1872 2760 persuadere
1898 2703 1997 2744 mihi
2019 2715 2209 2757 possum,
2238 2701 2370 2744 haec<

201 2770 427 2814 Tibullum
457 2772 641 2813 animum
671 2770 912 2814 advertisse.
968 2771 1175 2827 Apparet,
1204 2777 1374 2826 poetam
1402 2770 1562 2823 dicere,
1599 2774 1634 2813 si
1664 2771 1767 2827 quid
1796 2784 1994 2826 peccasse
2022 2775 2260 2825 putaretur,
2297 2782 2344 2812 se

202 2844 631 2889 nonrecusaturum,
662 2839 765 2894 quin
794 2845 1000 2894 protenus
1029 2853 1054 2879 a
1081 2838 1208 2880 Delia
1235 2840 1515 2894 proiiceretur
1542 2839 1615 2881 vel
1643 2837 1980 2895 proturbaretur.
2028 2836 2170 2879 Sensit
2197 2836 2345 2879 Mur&

202 2913 292 2960 tus,
317 2908 459 2949 *inesse
488 2908 532 2949 in
559 2905 702 2950 verbis
731 2908 946 2950 immerito
975 2920 1146 2963 pronas
1176 2906 1339 2963 aliquid
1367 2909 1476 2950 vitii:
1509 2907 1620 2950 idem
1650 2906 1756 2949 alios
1787 2919 1960 2962 quoque
1989 2906 2187 2962 sensisse,
2218 2908 2343 2946 testa-¹
