2462 3112
1215 142 1320 183 vm

191 260 424 301 iunctivum
452 260 590 310 iuvet,
621 258 854 302 dummodo
886 259 1068 316 explices
1100 277 1122 295 υ
1138 273 1182 301 es
1211 274 1305 316 mag
1337 259 1405 302 vel
1436 261 1544 303 wird
1574 263 1710 306 nichts
1739 270 1952 306 nutzenee:
1983 265 2061 307 sed
2090 264 2354 308 indicativus-

191 333 399 382 praestat,
428 329 588 383 quippe
609 341 696 383 quo
719 326 979 379 declaretur,
1007 341 1096 369 rem
1116 333 1274 369 certam
1297 341 1401 370 esse.
1442 327 1590 385 ltaque
1609 329 1837 373 Santenius
1863 332 1954 373 iure
1977 334 2159 374 servavit
2178 333 2343 375 iuvant.

194 392 472 435 Slothouveri
505 400 645 435 autem
674 394 987 444 coniecturam,
1015 408 1141 449 quam
1168 393 1411 436 Huschkius
1440 394 1569 438 laude
1596 396 1847 449 cumulavit,
1876 401 2124 455 neutiquam
2150 413 2344 442 necessa-

192 461 298 502 riam
328 474 443 511 esse,
471 467 660 517 apparet.
698 460 896 503 Offendit
918 463 1040 503 etiam
1062 475 1144 503 vox
1160 460 1351 519 frigore
1378 468 1461 503 tam
1489 462 1606 505 nude
1627 466 1775 519 posita.
1814 465 2091 521 interpretes,
2121 465 2240 522 quod
2261 479 2340 522 ego

192 529 339 578 sciam,
371 542 518 570 omnes
549 527 759 584 explicant
788 526 971 570 Ῐιίὂειηα
1000 533 1149 570 nocte:
1181 543 1285 584 quas
1314 535 1462 571 noctes
1480 529 1679 572 Muretus
1702 538 1847 573 monet
1869 531 2016 588 longas
2042 533 2186 575 fuisse.
2222 534 2343 590 ΗΘ]-

192 597 290 637 nius
302 594 465 653 frigus
487 597 544 637 ait
564 609 690 651 posse
722 597 845 637 etiam
873 596 931 637 ita
959 594 1158 651 intelligi,
1188 603 1235 638 ut
1267 595 1519 652 explicetur:
1548 612 1662 654 quae
1686 598 1788 640 sola
1817 597 2005 656 ideoque
2022 598 2206 658 frigida
2237 599 2344 643 dor-

194 663 314 704 miat.
352 662 481 704 Ovid.
507 664 597 704 Art.
625 669 745 705 amat.
765 662 838 705 ΙΙΙ.
864 663 949 705 70.;
978 662 1129 718 frigida
1158 662 1328 705 deserta
1354 670 1480 706 nocte
1507 664 1667 706 iacebis
1697 679 1816 707 anus.
1864 667 1948 708 Vir
1976 666 2126 709 doctus
2156 667 2343 710 ablativo

183 727 374 787 frigore
402 730 575 772 videtur
612 729 902 772 eandemvvim
939 729 1169 780 tribuisse,
1207 745 1293 786 qua
1323 745 1450 787 supra
1488 732 1549 783 (Ι.
1587 731 1635 782 2,
1667 732 1759 785 76.)
1787 732 1909 784 fletu
1938 735 2122 788 positum
2154 733 2343 777 diximus.

197 795 325 851 Quae
352 798 432 838 viri
465 797 581 839 docti
611 799 759 853 opinio
792 799 871 839 etsi
900 796 1077 853 probari
1105 800 1273 854 nequit,
1303 806 1442 840 tamen
1460 799 1636 855 Heynio
1666 813 1756 841 non
1785 799 1957 856 indigna
1988 807 2062 843 est.
2099 801 2343 844 Huschkius

195 877 371 920 quoque
396 866 600 915 miratur,
630 866 665 906 si
693 864 837 920 puella
868 864 1051 907 hiberno
1081 872 1241 907 tantum
1272 873 1462 921 tempore
1491 869 1695 917 senserit,
1726 882 1821 909 cum
1851 867 1943 909 sola
1972 866 2203 920 dormiret,
2237 869 2344 911 nulli

194 929 277 974 sibi
306 931 472 988 lapides
507 935 718 988 pretiosos
759 939 801 974 et
838 946 1017 988 gemmas
1055 935 1151 975 usui
1183 947 1285 975 esse.
1347 934 1516 975 Iniuria.
1561 948 1657 976 nam
1695 933 1871 976 hiberna
1901 942 2029 977 nocte
2058 935 2189 992 frigus
2218 939 2344 978 vacui

194 1001 279 1041 tori
300 999 436 1041 multo
457 998 653 1041 acerbius
674 999 859 1056 puellam
878 999 1096 1052 monebat,
1120 1008 1322 1056 quantum
1347 1001 1450 1042 haec
1468 1001 1655 1044 solitudo
1674 1000 1728 1043 ab
1749 1009 1869 1043 aestu
1891 1001 2061 1044 illorum
2079 1002 2344 1059 amplexuum

196 1065 385 1109 distaret.
422 1069 517 1109 Hae
536 1081 672 1123 nugae
691 1074 806 1118 sunt,
838 1067 913 1110 sed
935 1068 1095 1110 facetiis
1119 1075 1161 1109 et
1176 1075 1266 1110 arte
1282 1067 1494 1110 conditae.
1516 1093 1559 1099 -
1589 1084 1628 1110 v.
1646 1069 1712 1111 41.
1742 1069 2059 1122 Broukhusius,
2085 1078 2132 1114 ut
2148 1071 2179 1113 Ι.
2199 1072 2247 1123 4,
2276 1071 2344 1114 36.

195 1134 263 1176 hic
291 1148 466 1191 quoque
498 1149 547 1176 ex
577 1136 782 1176 varietate
812 1137 1046 1191 scripturae
1076 1133 1480 1191 delegitiuventas:
1511 1138 1671 1177 assensi
1704 1143 1802 1177 sunt
1834 1139 1871 1178 ei
1892 1137 2089 1193 Heynius
2121 1145 2163 1180 et
2178 1139 2346 1181 Husch-

194 1201 302 1244 kius.
341 1203 411 1244 De
435 1202 676 1244 differentia
706 1215 860 1244 vocum
889 1204 1068 1244 iuventa
1099 1210 1140 1244 et
1168 1205 1371 1244 iuventas
1401 1209 1580 1258 egerunt
1598 1203 1743 1245 Heius.
1763 1203 1817 1245 ad
1836 1203 1966 1246 Ovid.
1987 1206 2159 1248 Metam.
2179 1207 2255 1248 IV.
2279 1206 2345 1248 17.

195 1269 336 1326 Kapp.
356 1269 552 1312 ad'sacit.
571 1269 713 1312 Germ.
732 1284 766 1311 c.
783 1269 852 1311 20.
877 1270 1031 1326 Reisig.
1050 1272 1178 1311 instit.
1197 1284 1364 1325 gramm.
1383 1269 1453 1312 lat.
1471 1286 1512 1326 p.
1525 1271 1618 1312 116.
1646 1269 1818 1327 Forbig.
1834 1269 1888 1312 ad
1899 1272 2164 1328 Virgil.Aen.
2175 1274 2230 1315 V.
2247 1273 2343 1315 398.

196 1338 340 1392 Atque
370 1337 483 1393 apud
511 1337 659 1392 Virgil.
695 1337 794 1379 loco
825 1337 953 1379 allato
986 1339 1189 1379 iuventas
1218 1336 1388 1393 legitur,
1419 1339 1488 1379 cui
1518 1351 1567 1378 ex
1597 1337 1727 1379 altera
1757 1346 1877 1394 parte
1911 1341 2154 1395 oppositum
2185 1347 2249 1383 est
2277 1355 2345 1383 se-

196 1411 327 1448 necta
346 1438 355 1456 ,
398 1404 475 1447 sed
506 1403 653 1446 addito
685 1403 902 1455 tardans,
940 1419 1028 1461 quo
1067 1412 1270 1460 appareat
1312 1419 1404 1446 esse
1442 1406 1611 1447 senium
1650 1404 1787 1456 (conf.
1819 1405 1965 1447 Horat.
1995 1405 2135 1462 Epod.
2166 1406 2247 1458 17,
2275 1406 2345 1450 20.

196 1473 250 1515 ll.
283 1473 333 1516 C.
366 1473 437 1523 11,
468 1472 507 1513 6.
538 1486 684 1514 verum
715 1473 747 1513 I.
777 1472 853 1524 30,
883 1472 922 1513 5.
951 1479 1016 1514 est
1047 1472 1125 1514 dea
1156 1474 1394 1523 Iuventas).
1443 1471 1643 1514 Tibullus
1675 1479 1716 1513 et
1745 1472 1777 1513 Ι.
1806 1473 1852 1522 4,
1881 1473 1947 1514 36.
1981 1479 2023 1515 et
2051 1473 2134 1515 hoc
2164 1473 2264 1516 loco
2291 1475 2346 1518 de

196 1543 287 1597 ipsa
307 1547 443 1582 aetate
467 1540 669 1595 loquitur.
701 1540 791 1581 Liv.
811 1540 878 1581 35.
899 1540 973 1590 42,
1005 1539 1089 1580 12.:
1119 1553 1208 1580 non
1228 1540 1283 1580 ita
1313 1553 1359 1580 se
1391 1554 1415 1580 a
1438 1541 1616 1581 iuventa
1643 1553 1737 1587 eum
1761 1540 1960 1594 gessisse,
1991 1547 2038 1582 ut
2060 1542 2104 1583 in
2121 1548 2347 1585 senectute

198 1609 415 1652 dominum
442 1608 603 1650 laturus
625 1608 831 1650 videatur.
864 1608 998 1649 Tacit.
1016 1608 1125 1649 Hist.
1146 1608 1175 1648 Ι.
1196 1608 1253 1650 ’7.;
1283 1614 1410 1649 aetas
1429 1606 1594 1649 Galbae
1616 1608 1757 1647 irrisui
1783 1621 1830 1647 ac
1856 1606 2025 1649 fastidio
2053 1615 2141 1650 erat
2170 1611 2346 1652 assuetis

197 1679 403 1719 iuventae
420 1677 623 1718 Neronis.
659 1677 723 1717 Ut
751 1675 944 1718 breviter
970 1689 1019 1716 ac
1043 1676 1217 1716 strictim
1243 1688 1364 1716 usum
1395 1681 1436 1715 et
1462 1673 1742 1715 differentiam
1769 1673 1919 1714 horum
1946 1673 2252 1718 vocabulorum
2279 1690 2347 1718 ex-

196 1743 386 1800 planem,
415 1746 618 1786 iuventus
647 1745 822 1799 ponitur
847 1744 967 1784 etiam
995 1756 1075 1797 pro
1106 1741 1353 1793 iuvenibus,
1381 1755 1469 1783 non
1490 1743 1588 1783 item
1605 1743 1784 1782 iuventa
1807 1739 1904 1793 (*):
1932 1748 2157 1796 utrumque
2175 1744 2347 1798 ponitur

197 1827 279 1869 pro
301 1810 474 1853 iuvenili
492 1817 647 1861 aetate,
677 1810 752 1853 sed
770 1812 975 1852 iuventus
992 1811 1034 1850 in
1059 1823 1186 1865 prosa
1209 1811 1399 1851 oratione
1419 1808 1565 1850 sedem
1586 1822 1702 1849 suam
1726 1806 1872 1861 habet,
1904 1822 1980 1849 nec
2000 1814 2138 1849 tamen
2162 1823 2184 1849 a
2209 1811 2347 1864 poetis

197 1882 415 1936 spernitur
444 1878 584 1931 (conf.
603 1879 718 1920 Kon.
748 1877 802 1920 de
831 1891 1028 1919 sermone
1056 1876 1127 1918 lat.
1158 1883 1274 1932 poet.
1298 1878 1402 1932 epic.
1423 1891 1464 1931 p.
1481 1876 1620 1927 216.):
1650 1874 1907 1917 vocabulum
1937 1877 2115 1917 iuventa
2145 1875 2346 1932 frequens

199 1954 261 1990 est
293 1949 338 1989 in
366 1948 517 2004 poesi,
548 1961 571 1987 a
601 1960 753 2002 prosae
785 1947 991 1987 orationis
1023 1958 1103 1985 usu
1133 1951 1273 1985 castae
1303 1942 1473 1998 quidem
1505 1957 1554 1983 ac
1587 1956 1720 1998 purae
1752 1941 1937 1983 alienum
1967 1941 2131 1984 fuerat:
2169 1943 2346 1999 posthac
2418 1951 2427 1959 ⁶

198 2017 242 2056 in
274 2029 364 2056 eam
394 2016 664 2070 importatum
696 2028 744 2054 ac
772 2012 892 2054 brevi
926 2027 951 2053 a
981 2010 1260 2067 scriptoribus
1291 2017 1539 2066 usurpatum
1571 2016 1644 2051 est.
1706 2011 1870 2051 Vocem
1908 2008 2095 2065 denique
2125 2012 2348 2061 iuventas,

199 2084 320 2124 cuius
347 2096 455 2131 usu,
494 2083 574 2122 nisi
613 2083 646 2122 si
684 2083 773 2137 ipsa
814 2087 877 2122 cst
919 2079 1027 2130 dea,
1065 2093 1175 2134 quae
1213 2077 1337 2120 Hebe
1371 2091 1520 2132 graece
1557 2083 1762 2127 vocatur,
1806 2076 2014 2133 pedestris
2051 2079 2188 2119 oratio
2226 2091 2348 2133 pror-

199 2164 271 2191 sus
292 2148 492 2199 abstinet,
523 2154 694 2189 sumunt
724 2146 805 2189 sibi
832 2153 1006 2202 poetae,
1037 2144 1111 2187 ubi
1133 2144 1262 2186 decus
1290 2143 1485 2185 iuvenilis
1506 2147 1655 2186 aetatis
1676 2158 1858 2200 persona
1877 2143 1982 2185 deae
2011 2143 2124 2186 illius
2151 2151 2347 2200 tanquam

199 2217 334 2259 forma
366 2229 605 2271 expressum
637 2215 891 2269 designetur.
940 2213 1224 2267 Frequentius
1258 2218 1395 2252 tamen
1426 2217 1488 2252 est
1521 2212 1564 2252 in
1595 2212 1685 2266 ipsa
1715 2212 1836 2266 poesi
1869 2209 2123 2252 vocabulum
2151 2213 2349 2262 iuventa,

201 2286 360 2340 quippe
390 2282 508 2338 quod
534 2284 576 2324 in
604 2281 772 2323 casibus
803 2280 992 2337 obliquis
1024 2279 1186 2320 facilius
1211 2280 1408 2319 metricae
1437 2278 1675 2319 necessitati
1701 2284 1860 2332 pareat.
1899 2278 2047 2333 Itaque
2073 2285 2120 2320 ut
2146 2278 2200 2321 ad
2226 2278 2347 2321 locos

200 2350 470 2394 Tibullianos
500 2349 701 2400 redeam,
740 2351 783 2390 in
813 2355 999 2403 utroque
1037 2346 1136 2388 loco
1171 2345 1284 2387 haud
1320 2343 1451 2386 dubie
1481 2343 1779 2400 reponendum
1811 2350 1874 2385 est
1900 2345 2091 2386 iuventa.
2122 2366 2175 2377 --
2213 2360 2251 2386 v,
2281 2346 2348 2388 46.

201 2425 245 2460 et
264 2417 438 2471 faciem
467 2414 644 2471 dempta
672 2415 790 2473 pelle
822 2413 999 2468 referre
1026 2427 1200 2455 novam.
1251 2413 1448 2467 Heynius
1480 2411 1620 2452 fucum
1654 2410 1803 2452 illitum
1834 2409 1918 2452 dici
1954 2413 2010 2454 ait
2045 2419 2118 2453 aut
2145 2425 2348 2468 smegma,

202 2500 290 2541 quo
322 2487 428 2526 cutis
467 2483 672 2538 laevigata
702 2485 767 2523 sit.
828 2481 1055 2524 Consentit
1087 2481 1337 2522 Dissenius:
1373 2493 1466 2520 esse
1498 2481 1606 2520 enim
1637 2492 1835 2534 rugosam
1864 2485 2004 2520 cutem
2023 2511 2034 2529 ‚
2075 2493 2199 2534 quam
2231 2479 2349 2522 velut

202 2567 359 2608 angues
388 2557 553 2593 exuant.
585 2549 809 2592 Curabant
834 2548 1030 2590 nimirum
1048 2550 1152 2589 istae
1170 2546 1462 2597 mulierculae,
1492 2553 1538 2587 ut
1568 2547 1674 2587 cutis
1702 2552 1951 2601 erugaretur
1973 2560 2023 2587 ac
2047 2552 2348 2589 teneresceret.

200 2620 279 2662 sed
301 2620 479 2660 fortasse
500 2616 728 2667 mirabere,
760 2615 881 2673 quod
902 2615 1025 2671 pellis
1055 2617 1104 2657 iis
1124 2614 1334 2656 dematur.
1365 2612 1485 2668 quod
1516 2615 1624 2654 enim
1655 2611 1863 2668 anguibus
1883 2611 2024 2654 datum
2053 2613 2134 2663 sit,
2165 2609 2329 2662 iddioes

198 2686 247 2728 id
272 2685 511 2728 hominibus
541 2691 740 2740 negatum
768 2697 891 2725 esse
907 2681 1035 2725 Ovid.
1055 2684 1144 2724 Art.
1165 2688 1274 2723 amat
1306 2679 1332 2722 l.
1349 2680 1421 2722 111.
1438 2680 1527 2722 77.:
1557 2679 1765 2735 anguibus
1787 2681 1955 2721 exuitur
1977 2679 2096 2720 tenui
2115 2692 2211 2720 cum
2239 2669 2351 2749 pelle

202 2761 408 2795 vetustas:
446 2759 590 2795 nostra
622 2754 714 2793 sine
743 2750 882 2792 auxilii
913 2750 1079 2805 fugiunt
1108 2747 1237 2790 bona.
1278 2747 1395 2789 Idem
1419 2747 1522 2789 Met.
1549 2745 1575 2788 1.
1605 2747 1700 2788 Vll.
1728 2746 1844 2788 236..
1884 2759 1966 2787 nec
1996 2751 2114 2787 erant
2143 2749 2242 2789 tacti
2269 2748 2351 2790 nisi

403 2852 443 2896 ⁴¹)
470 2853 597 2887 Ilorat.
623 2852 685 2886 111.
720 2851 760 2886 C.
785 2852 827 2892 2,
857 2851 911 2886 15.
943 2852 1098 2885 imbellis
1128 2853 1294 2883 iuventae
1327 2860 1508 2894 compares
1533 2846 1730 2882 Homerico
1763 2839 1956 2890 ἆμηλικὶη.
1990 2852 2042 2881 est
2073 2840 2190 2882 autem
2221 2824 2349 2890 acerbe

203 2909 334 2944 dictum
361 2917 394 2943 et
419 2921 529 2954 prope
555 2908 593 2942 in
616 2907 792 2953 oxymoris
815 2906 1081 2942 numerandum.
1120 2904 1278 2951 Oportet
1302 2903 1394 2939 enim
1419 2904 1599 2939 iuventam
1621 2906 1823 2943 valentem,
1837 2903 1983 2948 sortem
2008 2908 2044 2936 et
2067 2904 2241 2938 audacem
2266 2915 2339 2939 esse

204 2966 285 2999 Vid.
313 2963 525 2999 Doeclerlin.
553 2964 747 3009 Synonym.
773 2964 876 2997 Tom.
901 2964 944 2996 V.
971 2975 1002 3008 p.
1029 2962 1085 2996 48.
