2462 3112
1115 127 1202 166 vn

67 259 203 303 quam-
227 244 397 292 mitem
427 247 471 288 in
496 245 650 303 gelidis
680 243 899 288 montibus
929 260 1026 288 esse
1055 245 1164 303 lapis
1191 248 1218 288 i.
1246 259 1284 287 e.
1313 245 1397 287 nisi
1422 242 1559 286 durus
1591 242 1873 299 sum,›qualis
1904 249 1968 285 est
1999 241 2128 298 lapis,
2158 240 2255 285 fieri

66 327 160 358 non
187 320 356 371 potest,
382 316 489 371 quin
518 313 598 356 hos
626 313 807 357 dolores
837 315 1024 357 sentiam.
1062 314 1232 357 mallem
1260 315 1416 370 igitur,
1434 312 1470 354 si
1499 310 1596 353 fieri
1621 318 1788 367 posset,
1819 310 1925 367 lapis
1955 324 2069 361 esse,
2099 317 2146 352 ut
2173 309 2253 353 bos

67 380 244 425 dotores
267 381 516 439 effugerem.
547 382 698 438 Itaque
721 383 892 424 minime
915 395 1097 425 necesse
1124 389 1211 432 est,
1241 382 1325 424 hoc
1350 380 1451 423 loco
1476 382 1629 437 reponi
1643 379 1811 433 faciat.
1832 404 1886 412 —
1910 395 1949 422 v.
1970 379 2040 421 27.
2070 378 2172 422 Nec
2195 408 2251 422 η..

66 455 230 493 tmen.
289 449 541 492 Sententiae
581 451 693 492 inter
729 464 776 492 se
816 450 900 492 hoc
935 449 1068 492 modo
1098 457 1223 506 aptae
1253 457 1296 492 ct
1325 462 1546 492 connexae
1575 456 1705 491 sunt:
1739 447 1814 490 sed
1854 462 2111 505 quamquam
2141 460 2254 504 puer

66 531 144 560 sua
172 516 458 574 imprudentia
496 518 543 559 in
577 525 739 560 tantum
767 517 922 560 malum
955 517 1163 569 devenit,
1202 525 1248 560 tu
1289 525 1431 560 tamen
1460 532 1516 561 ne
1581 516 1768 560 difficilis
1801 518 1839 558 ci
1870 519 1927 559 sis
1959 523 2251 561 neoecmunera

67 583 125 628 ab
147 599 204 628 eo
222 599 390 642 poscas.
427 585 563 642 Quod
583 588 780 643 sequitur
799 587 1036 644 amplexus
1058 586 1307 629 Huschkius
1328 585 1458 629 docte
1479 584 1663 628 illustrat
1686 600 1937 642 comparans
1960 583 2253 642 Sophocleum

68 650 444 710 mynyxoimpta:
474 653 600 696 simili
621 653 753 696 modo
776 653 892 711 apud
915 655 1163 698 Lucretium
1186 656 1262 698 lv.
1285 655 1409 697 1165.
1440 653 1607 697 labiosa
1639 653 1796 696 dicitur
1823 652 2012 710 φίλημα.
2036 677 2090 686 -
2121 668 2159 694 ν.
2180 651 2250 694 35.

68 720 262 778 Scaliger
289 736 371 779 pro
399 724 568 765 invenit
601 723 844 765 emendavit
874 725 1068 766 inueniet
1097 725 1225 779 eique
1256 723 1456 779 Heynius
1488 729 1530 764 et
1561 721 1808 764 Huschkius
1840 724 2000 763 assensi
2035 727 2146 763 sunt.
2189 720 2251 762 At

66 802 159 832 mm
183 803 299 846 opus
331 796 395 832 est
425 790 584 832 futuro.
637 791 822 841 Venus,
859 804 972 847 quac
1003 790 1128 832 furtis
1159 788 1343 846 gaudet,
1382 791 1464 832 iam
1500 792 1694 840 invenit,
1736 789 1855 845 quod
1887 789 2046 831 dictum
2078 795 2170 838 est,
2201 793 2250 830 ut

67 871 223 914 graece
248 876 354 912 supe
383 857 605 914 multoque
627 860 758 914 magis
786 860 920 914 viget,
954 873 1080 915 quam
1110 860 1316 900 inveniet.
1356 858 1581 900 Dissenius
1611 857 1718 900 illud
1749 865 1865 899 recte
1889 857 2132 914 explicavit,
2163 856 2248 898 hoc

67 933 210 968 tamen
240 925 371 968 scribi
401 925 573 968 mavult
597 949 650 957 ——
681 941 719 967 ν.
739 925 807 968 36.
838 924 944 968 dum
974 928 1108 968 timet.
1159 927 1218 968 Ita
1249 928 1294 968 in
1324 925 1446 968 libris
1475 928 1677 982 scriptum
1709 928 1932 982 reperitur.
1973 924 2161 980 Scaliger
2192 922 2248 968 de

67 996 318 1038 coniectura
351 994 471 1038 dedit
500 1000 659 1037 tumet:
690 1009 715 1036 a
744 993 953 1037 librorum
984 996 1195 1050 scriptura
1225 1000 1335 1036 stant
1361 994 1658 1036 Lachmannus
1689 1001 1731 1036 et
1755 993 1997 1050 Gruppius:
2026 992 2246 1048 Scaligero

67 1062 290 1120 suffragati
324 1069 424 1105 sunt
445 1062 666 1119 Heynius,
697 1061 1082 1112 Wunderlichius,
1113 1061 1380 1114 Huschkius,
1412 1062 1650 1105 Dissenius.
1682 1061 1895 1118 explicant
1927 1068 2066 1104 tumet
2096 1073 2247 1116 graece

68 1131 192 1187 ὀργαὶ
223 1131 309 1174 dici
335 1138 479 1174 autem
509 1129 664 1174 volunt
692 1130 841 1173 florem
872 1132 1032 1173 aetatis.
1079 1131 1133 1171 Et
1164 1138 1255 1172 crat
1284 1144 1387 1172 sane
1413 1132 1579 1173 iuvenis
1611 1145 1660 1172 ea
1689 1138 1849 1180 aetate,
1881 1144 1965 1186 qua
1995 1143 2153 1185 corpus
2183 1129 2248 1169 vi—

67 1213 166 1242 rere
197 1214 248 1242 ac
275 1201 422 1256 vigere
451 1197 583 1250 solet,
620 1200 801 1255 notique
831 1206 932 1242 sunt
963 1199 1083 1242 Statii
1115 1200 1224 1240 anni
1253 1205 1486 1241 tumentes.
1534 1200 1697 1241 Verum
1727 1198 1870 1253 ὀργάν
1900 1198 2030 1240 latine
2060 1204 2247 1255 turgere

66 1269 212 1325 potius
242 1274 387 1320 sonat,
422 1282 548 1324 quam
576 1274 766 1318 tumere,
797 1267 917 1324 quod
944 1274 1010 1309 est
1033 1264 1249 1309 οἰὸαἱνειν.
1290 1265 1462 1308 Deinde
1491 1268 1566 1308 etsi
1599 1273 1751 1308 terrae
1775 1274 1816 1308 et
1844 1268 1956 1308 vites
1979 1279 2114 1307 verno
2144 1272 2247 1306 tem-

65 1349 176 1393 pore
197 1341 371 1378 tumere
390 1335 615 1386 dicuntur,
646 1343 787 1378 tamen
816 1334 929 1377 idem
960 1333 1140 1376 verbum
1171 1335 1205 1376 si
1237 1333 1291 1376 ad
1322 1334 1515 1376 homines
1546 1333 1794 1377 translatum
1827 1341 1909 1384 est,
1941 1337 2065 1385 iram,
2095 1345 2247 1388 super-

63 1402 198 1455 biam,
228 1402 444 1446 fastidium
475 1402 663 1446 denotat.
701 1403 928 1444 Praeterea
960 1401 1164 1444 iuvenilis
1195 1409 1308 1444 aetas
1339 1402 1439 1444 satis
1461 1401 1704 1444 declaratur
1724 1401 1867 1444 verbis
1899 1408 2079 1444 teneros
2108 1403 2245 1443 sinus.

66 1471 195 1527 Quae
224 1485 321 1513 cum
351 1472 408 1514 ita
433 1473 517 1513 sint
536 1504 547 1522 ‚
583 1472 771 1513 incertus
801 1470 973 1513 haereo.
1034 1470 1186 1513 Timor
1216 1484 1365 1512 rursus
1396 1470 1756 1526 quemadmodum
1789 1485 1883 1512 cum
1916 1470 2242 1526 flagrantissimo

64 1538 257 1582 libidinis
286 1546 429 1591 aestu,
460 1541 535 1595 qui
570 1538 653 1581 hoc
680 1538 781 1581 loco
814 1537 1094 1589 describitur,
1126 1546 1355 1593 congruat,
1386 1552 1476 1580 non
1508 1540 1639 1594 magis
1668 1538 1877 1595 intelligo.
1925 1537 2074 1593 Quid?
2119 1538 2246 1578 etiam

65 1614 154 1650 tum
186 1620 370 1664 puerum
400 1605 675 1649 subtimidum
707 1606 839 1649 fuisse
871 1615 913 1649 et
943 1606 1104 1649 celasse
1122 1614 1330 1662 ,quanto
1360 1606 1532 1663 puellae
1563 1621 1708 1650 amore
1746 1607 1984 1663 deperiret?
2023 1620 2077 1648 an
2107 1619 2129 1646 a
2159 1618 2248 1646 ma-

63 1676 149 1717 rito
179 1676 336 1727 timuit,
366 1689 423 1717 ne
454 1676 489 1717 si
518 1677 563 1717 in
588 1675 672 1717 hoc
697 1674 911 1717 adulterio
941 1683 1052 1717 essct
1079 1674 1377 1731 deprehensus
1401 1675 1542 1727 (conf.
1565 1675 1733 1732 Grupp.
1757 1691 1798 1731 p.
1816 1675 1953 1726 204.),
1984 1675 2043 1724 ei,
2076 1680 2122 1715 ut
2149 1686 2246 1714 cum

63 1743 248 1785 Horatio
268 1741 423 1799 loquar
444 1742 609 1796 (Serm.
631 1743 745 1793 11.2‚
763 1743 874 1796 39.),
903 1743 1037 1786 multo
1069 1750 1420 1800 corrumperetur
1449 1743 1602 1786 dolore
1633 1743 1846 1799 voluptas.
1889 1744 1960 1785 Ne
1995 1743 2037 1785 id
2069 1741 2246 1798 quidem

64 1810 167 1853 mihi
185 1809 417 1868 probabile
439 1818 514 1854 est.
555 1811 843 1854 Locutionem
873 1813 998 1853 sinus
1021 1825 1261 1854 conserere
1284 1812 1484 1868 Heynius
1514 1814 1682 1868 egregie
1714 1814 2021 1868 interpretatus
2053 1817 2137 1852 est:
2169 1807 2246 1852 sed

63 1879 212 1920 nescio
241 1892 326 1934 qua
363 1879 589 1921 iuncturae
627 1881 859 1934 asperitate
898 1878 1089 1922 offensus
1129 1879 1182 1920 ad
1214 1881 1501 1921 coniecturam
1542 1893 1782 1922 conserere
1819 1879 1946 1935 plane
1977 1878 2171 1921 inutilem
2203 1883 2246 1919 et

64 1959 310 2002 perversam
340 1945 524 1988 deflexit.
569 1946 741 1988 Eodem
763 1946 931 1989 delatus
953 1947 1140 1990 Baebius
1171 1950 1454 1990 conseruisse
1485 1948 1739 1990 emendavit.
1777 1951 1832 1990 At
1863 1950 1897 1990 si
1920 1948 2149 1989 Dissenius
2173 1960 2246 1988 us-

63 2028 150 2070 que
169 2015 196 2056 i.
217 2027 254 2056 e.
279 2015 324 2056 in
354 2016 493 2056 einem
520 2014 605 2056 fort
632 2014 813 2071 explicat
845 2026 1074 2072 nunquam
1106 2029 1200 2057 non
1230 2015 1363 2072 idque
1389 2018 1524 2072 iungit
1556 2016 1767 2059 adiectivo
1791 2023 1992 2067 teneros,
2023 2016 2107 2056 vim
2127 2015 2245 2056 vocis

64 2096 204 2140 usque
242 2083 395 2124 misere
433 2081 678 2139 detorquet.
739 2082 950 2126 Ceterum
983 2098 1175 2143 magnam
1217 2098 1311 2126 esse
1346 2084 1472 2126 huius
1512 2084 1616 2127 loci*
1639 2083 1881 2134 lasciviam,
1922 2084 2079 2126 frustra
2118 2088 2246 2138 negat

65 2149 286 2206 Heynius:
314 2156 356 2192 et
385 2149 440 2192 ad
465 2149 539 2192 has
558 2153 770 2207 nequitias
791 2151 891 2193 mihi
915 2157 1086 2194 tumere
1108 2151 1322 2207 quadrare
1343 2153 1513 2195 videtur
1539 2156 1556 2206 (
1568 2153 1680 2195 conf.
1701 2153 1871 2194 Lucret.
1892 2152 1967 2194 IV.
1986 2152 2094 2193 1101
2121 2153 2244 2206 sqq.).

65 2240 119 2249 —
149 2231 188 2258 v.
218 2216 287 2259 39.
322 2216 435 2260 Non
466 2218 582 2276 lapis
608 2217 727 2262 hanc
755 2234 1048 2277 gemmaeque
1074 2221 1252 2270 iuvant,
1287 2235 1402 2277 quae
1421 2220 1614 2279 frigore
1643 2221 1744 2264 sola
1774 2221 1996 2264 Dormiat.
2058 2219 2247 2274 Scaliger

65 2283 311 2328 emendavit
338 2287 492 2329 iuvent
523 2294 563 2329 et
593 2285 810 2338 dormiet,
841 2301 1025 2343 quorum
1051 2287 1234 2330 alterum
1257 2288 1456 2345 Heynius
1489 2296 1529 2331 et
1552 2288 1798 2331 Huschkius
1830 2295 2107 2345 receperunt,
2138 2286 2245 2329 alte-

61 2361 157 2395 rum
177 2361 447 2409 respuerunt.
487 2355 551 2397 Ac
571 2353 769 2398 dormiat
790 2355 965 2412 quidem
989 2356 1188 2412 Heynius
1213 2357 1522 2412 interpretatur
1547 2355 1745 2399 dormire
1765 2359 1973 2399 sustinet:
2006 2371 2089 2412 qua
2114 2357 2246 2397 inter-

62 2422 308 2478 pretatione
336 2423 420 2464 vim
451 2425 688 2466 sententiae
718 2426 936 2480 pervertit.
989 2423 1127 2482 Quod
1158 2431 1297 2466 autem
1328 2426 1465 2467 maius
1496 2432 1578 2476 est,
1610 2424 1844 2467 obsecutus
1876 2424 2095 2481 Scaligero
2126 2430 2246 2479 post-

63 2503 190 2545 quam
219 2487 352 2531 verba
383 2496 428 2532 et
459 2490 572 2533 nulli.
607 2494 666 2534 sit
696 2491 915 2551 capienda
946 2494 1042 2536 viro
1075 2502 1171 2535 'cum
1200 2494 1250 2534 iis
1271 2526 1281 2544 ‚
1321 2507 1433 2549 quae
1470 2507 1601 2550 supra
1631 2491 1833 2548 leguntur
1861 2491 1979 2535 hanc
2010 2517 2062 2525 —
2093 2494 2246 2534 iuvent

63 2557 301 2609 coniunxit,
329 2571 503 2599 casuum
521 2561 578 2600 ait
599 2561 971 2602 commutationem
993 2575 1085 2602 esse
1107 2575 1199 2602 eam
1213 2593 1222 2611 ‚
1254 2575 1365 2617 quae
1384 2561 1532 2617 paullo
1555 2560 1726 2617 quidem
1752 2560 1902 2603 durior
1927 2563 2000 2611 sit,
2031 2559 2109 2601 sed
2128 2557 2246 2615 apud

63 2621 177 2667 atim
200 2638 378 2681 quoque
409 2627 639 2683 scriptores
669 2630 917 2684 reperiatur.
957 2628 1139 2671 Fallitur
1162 2631 1229 2671 vir
1253 2629 1575 2672 eruditissimus.
1614 2643 1711 2671 nam
1736 2631 1769 2671 si
1798 2644 1846 2670 ea
1868 2635 1979 2670 esset
2005 2628 2130 2669 huius
2159 2627 2246 2670 loci

63 2691 205 2740 ratio,
257 2695 500 2735 necessario
538 2693 816 2737 scribendum
855 2703 947 2738 erat
986 2698 1150 2739 iuvent.
1202 2698 1510 2752 imprecaretur
1548 2699 1660 2740 enim
1698 2705 1826 2752 poeta
1864 2695 2038 2752 puellae
2081 2708 2243 2751 poenas

61 2759 279 2801 avaritiae.
337 2762 395 2804 At
431 2776 536 2805 vero
577 2770 708 2819 poeta
745 2763 874 2815 dicit,
919 2778 1099 2807 munera
1135 2763 1204 2807 vel
1248 2767 1551 2821 pretiosissima
1588 2765 1694 2808 nihil
1734 2764 1923 2815 habere,
1963 2778 2052 2819 quo
2091 2762 2240 2820 puella

62 2823 246 2869 calescat
273 2828 299 2868 i.
331 2841 368 2870 e.
398 2829 518 2886 quod
550 2833 590 2873 ei
619 2837 803 2883 tantam,
840 2839 1042 2888 quantam
1072 2834 1197 2889 pueri
1230 2832 1445 2889 amplexus
1463 2867 1474 2885 ‚
1517 2833 1780 2890 voluptatem
1811 2832 2026 2889 praebeat.
2081 2833 2240 2875 Monet

63 2893 194 2950 igitur
220 2893 433 2951 puellam,
472 2903 605 2940 utne
636 2898 733 2941 talia
761 2907 1048 2942 consectetur.
1119 2899 1400 2943 Coniunctivi
1438 2900 1636 2944 dormiat
1677 2907 1723 2943 et
1760 2899 1979 2958 capienda
2015 2902 2074 2943 sit
2111 2902 2242 2956 positi

62 2968 180 3014 sunt,
212 2964 310 3019 quia
339 2978 580 3020 pronomen
609 2981 726 3023 quae
754 2967 868 3011 valet
893 2971 932 3012 si
957 2984 1069 3026 qua,
1098 2976 1145 3012 ut
1173 2976 1288 3012 recte
1315 2969 1423 3013 vidit
1441 2970 1680 3013 Dissenius.
1726 2971 1859 3012 Tueri
1885 2984 1986 3012 sane
2009 2968 2109 3012 licet
2139 2983 2242 3013 con-
