2462 3112
1192 150 1240 190 x

146 263 275 307 valde
310 262 511 320 impedita
545 270 588 306 et
626 262 735 320 lapis
769 261 939 322 depluit
973 277 1093 310 nove,
1128 262 1313 306 dictum:
1359 277 1461 306 nam
1498 263 1607 320 lapis
1647 265 1739 320 ipse
1780 263 1908 306 imbri
1950 264 2193 309 demittam-2
2223 281 2290 309 ‹⁴11-

152 347 190 375 v.
221 331 288 374 73.
316 331 472 390 Atque
500 330 629 374 tubas
659 337 793 390 atque
820 347 949 374 arma
968 331 1147 385 serunt.
1176 329 1231 373 de
1251 332 1467 386 geminata
1493 331 1696 387 particula
1725 332 1849 375 conf.
1865 331 2027 388 Wagn.
2057 332 2149 375 ad
2127 331 2290 390 vm

152 398 241 442 Ecl.
276 400 339 451 V,
367 399 436 442 23.
467 423 521 434 -
555 398 853 457 Strepitantia
876 399 1078 442 codicum
1106 400 1382 448 auctoritate,
1429 401 1693 455 crepitantia
1730 402 1769 442 si
1801 410 1890 442 non
1928 399 2157 443 librorum
2165 414 2290 456 εσυ»

150 433 443 519 mendatione
472 474 515 509 at
543 481 627 509 usu
655 466 825 510 dicendi
846 466 1065 524 probatur.
1093 467 1263 508 Petron.
1283 480 1347 522 cp.
1371 466 1453 506 122
1473 481 1514 510 v.
1538 467 1640 508 134:
1666 481 1820 508 armar
1821 482 1894 509 um
1912 470 2099 525 strepitu
2118 467 2293 511 caelum

140 533 294 588 furit.
328 534 406 577 ubi
443 535 712 576 Burmannus
750 537 907 590 reponi
940 536 1063 576 iussit
1094 535 1275 591 crepitu.
1331 533 1435 575 Sed
1465 535 1544 576 etsi
1581 534 1650 575 hic
1685 536 1969 591 crepitantia,
2003 535 2102 578 illic
2118 537 2290 592 crepitu

151 601 354 644 malueris
379 604 566 658 positum
596 601 735 655 (conf.
764 602 1012 644 Doederlin.
1041 601 1278 658 Synonym.
1299 601 1421 643 'lom.
1442 602 1498 645 V.
1523 616 1564 656 p.
1586 601 1668 642 117
1681 603 1719 652 )·,
1747 609 1889 643 tamen
1917 616 2007 644 non
2036 605 2114 647 orit
2138 617 2290 646 cnon

152 672 254 711 satis
282 669 465 720 idonea,
495 667 771 725 quamobrem
802 669 975 711 alteram
1002 671 1248 725 scripturam
1277 670 1453 711 reiicias.
1501 668 1704 711 Ceterum
1734 668 1875 710 malim
1905 671 2292 714 versuswwetnvs

151 743 254 779 ante
293 751 441 778 versus
469 737 522 778 75
551 744 594 779 et
621 737 675 778 76
705 736 967 779 collocatos:
1006 750 1258 793 quamquam
1291 738 1472 779 Vossius
1510 745 1550 779 et
1580 739 1802 779 Dissenius
1842 752 1937 780 eum
1967 739 2194 791 ordinem,-
2216 742 2291 796 qui

152 817 271 846 nunc
306 811 369 846 est
404 804 555 846 horum
591 818 788 846 versuum
827 810 1015 846 tuentur.
1074 805 1129 846 At
1158 818 1260 846 vero
1291 808 1479 861 crepitus
1517 819 1729 847 armorum
1760 812 1802 847 et
1829 807 1976 861 ingens
2004 806 2076 848 illa
2105 806 2293 850 exul-:ais

154 871 299 914 audita
328 886 410 914 vox
442 871 593 914 eodem
621 885 801 914 numero
831 879 952 923 sunt,
992 886 1080 927 quo
1110 871 1365 914 lacrimantia
1391 875 1472 914 ista
1501 875 1615 928 signa
1647 873 1825 915 deorum
1857 874 2055 916 et'voces
2085 874 2296 917 humanae

151 954 178 982 a
207 938 352 981 bubus
383 939 543 988 editam
579 940 748 995 longior
785 941 1058 983 autemsolis
1089 940 1305 991 defectus,
1337 943 1409 996 qui
1441 941 1520 982 fuit
1550 942 1691 982 occiso
1720 940 1832 982 lulio
1863 941 2050 984 Caesare
2077 939 2295 999 totiusque

150 1020 291 1063 paene
319 1009 418 1050 anni
448 1010 675 1049 continuus
705 1008 843 1063 pallor
870 1021 959 1050 non
988 1009 1032 1049 in
1062 1010 1264 1051 nuntiatis
1292 1009 1516 1064 prodigiis,
1552 1022 1733 1063 quorum
1763 1007 1871 1050 fides
1902 1008 2293 1062 dubia-=erat‹,=1ec'd

153 1077 199 1118 in
236 1074 368 1118 rebus
404 1079 516 1118 veris
553 1091 604 1118 ac
638 1079 761 1119 certis
797 1077 1086 1119 numerandus
1125 1083 1203 1118 θεῖ.
1255 1075 1344 1117 Illis
1375 1077 1501 1131 igitur
1529 1075 1732 1131 prodigiis
1761 1078 1958 1117 convenit
1973 1076 2166 1129 ferant,
2194 1078 2294 1120 huie

151 1142 263 1186 vidit
292 1158 450 1186 annus.
480 1167 533 1177 --
563 1159 602 1186 v.
634 1144 699 1186 79.
740 1145 824 1186 Pro
844 1144 1040 1197 fuerant
1068 1143 1363 1185 Broukhusius
1395 1143 1448 1185 de
1478 1146 1722 1185 coniectura
1752 1143 1870 1185 dedit
1887 1142 2074 1197 fuerint·
2097 1151 2140 1187 et
2165 1147 2220 1186 ita
2249 1147 2295 1188 in

153 1210 327 1253 duobus
352 1210 475 1254 <libris
506 1211 609 1268 legi,
639 1214 757 1254 testis
785 1219 848 1254 est
878 1211 1132 1254 Huschkius.
1161 1211 1440 1254 Broukhusio
1469 1219 1641 1268 practer
1669 1213 1884 1267 Heynium
1915 1211 2158 1254 Huschkius
2187 1215 2295 1268 quob

151 1293 239 1335 que
269 1286 311 1321 et
339 1279 561 1322 Dissenius
590 1280 807 1336 suffragati
837 1288 961 1322 sunt:
1003 1288 1129 1335 atque
1166 1279 1274 1322 alter
1303 1294 1450 1321 eorum
1469 1280 1651 1334 fuerint
1679 1282 1722 1322 vi
1755 1282 1930 1336 optativi
1958 1282 2143 1335 positum
2173 1280 2295 1323 dicit-2

153 1345 263 1388 alter
290 1346 420 1389 verba
451 1346 562 1390 haec
580 1348 779 1401 fuerant
805 1348 909 1390 olim
939 1346 1214 1389 desiderantis
1239 1350 1383 1404 potius
1402 1380 1412 1398 ‚
1457 1361 1582 1403 quam
1623 1346 1892 1403 deprecantis
1931 1360 2022 1388 esse
2053 1345 2294 1389 arbitratur.

152 1413 388 1471 Equidem,
427 1430 521 1457 cum
558 1422 683 1471 poeta
721 1415 828 1457 haec
864 1418 1053 1457 evenisse
1093 1414 1205 1456 dicat
1244 1414 1480 1470 eademque
1517 1416 1674 1469 expiari
1703 1421 1745 1455 et
1783 1415 1913 1455 averti
1951 1415 2120 1469 cupiat,
2159 1413 2294 1457 solam

149 1483 400 1538 scripturam
419 1482 616 1536 fuerant
649 1497 791 1524 veram
822 1497 915 1524 esse
947 1484 1147 1524 existimo.
1175 1505 1226 1512 —
1264 1497 1303 1524 v,
1332 1481 1400 1524 81.
1438 1481 1538 1522 Erit
1569 1487 1718 1522 contra
1747 1480 1918 1522 alteram
1946 1483 2296 1536 scripturam-eat

151 1551 252 1591 satis
286 1552 463 1592 munivit
491 1549 803 1592 Broukhusius.
834 1573 889 1581 —
925 1565 963 1591 v.
993 1549 1060 1590 84.
1104 1549 1259 1590 laurus
1294 1547 1366 1590 ubi
1402 1547 1519 1590 bona
1548 1551 1679 1605 signa
1709 1547 1856 1599 dedit,
1900 1547 2096 1605 gaudete
2134 1549 2295 1593 coloni.

150 1616 293 1673 Fingit
313 1619 506 1659 nimirum
527 1623 673 1672 poeta,
704 1616 869 1657 laurum
891 1617 976 1657 iam
1000 1614 1110 1657 bene
1133 1618 1385 1672 crepitasse.
1416 1615 1501 1656 Pro
1533 1615 1604 1657 nbi
1624 1617 1806 1657 Vossius
1835 1617 1900 1657 uti
1929 1617 2131 1664 coniecit3
2161 1617 2294 1658 Hein-

152 1685 241 1725 sius
268 1685 333 1724 io:
370 1682 485 1724 illum
516 1681 672 1724 refellit
701 1682 964 1730 Huschkius;
1002 1682 1114 1723 hunc
1149 1690 1318 1724 secutus
1349 1690 1412 1724 est
1442 1683 1648 1736 Heynius.
1706 1682 1840 1722 Etiam
1868 1681 2093 1723 Dissenius
2119 1685 2162 1725 io
2193 1689 2295 1725 ve're

153 1751 366 1806 poeticum
396 1749 508 1791 dicit.
538 1750 746 1804 Equidem
776 1761 864 1789 non
894 1750 950 1789 ita
981 1749 1120 1789 animo
1142 1747 1338 1790 affectum
1369 1748 1497 1789 fuisse
1521 1756 1688 1803 poetam
1710 1755 1837 1803 puto,
1867 1755 1915 1790 ut
1943 1751 1988 1790 in
2017 1748 2135 1790 illam
2161 1749 2296 1792 excla-

153 1818 380 1859 mationem
411 1823 664 1872 erumperet.
693 1816 841 1869 Longe
871 1815 949 1857 alia
980 1830 1049 1857 res
1081 1823 1144 1858 est
1174 1816 1211 1865 Ι,
1243 1816 1286 1865 1,
1316 1815 1371 1856 24
1395 1822 1437 1856 et
1466 1815 1561 1856 infr.
1580 1830 1619 1856 v,
1642 1815 1744 1864 118,
1774 1822 1846 1856 aut
1867 1814 1925 1865 ll,
1955 1816 2001 1866 4,
2030 1815 2069 1858 6.
2093 1839 2147 1847 -ν
2166 1831 2207 1858 v,
2225 1818 2294 1859 86.

153 1885 375 1940 Scriptura
410 1883 620 1937 deficient
657 1898 736 1925 nec
772 1883 978 1925 librorum
1016 1887 1263 1926 auctoritate
1293 1890 1406 1925 caret
1437 1891 1479 1924 et
1507 1882 1704 1938 suffragia
1734 1882 1828 1924 tulit
1856 1883 2002 1925 Vossii
2021 1916 2032 1934 ,
2068 1883 2294 1936 Huschkii,

153 1952 321 2001 Baebii,
345 1950 579 2007 Golberyi:
607 1958 649 1992 at
669 1958 798 2006 poeta
821 1964 909 1992 non
932 1958 1016 1992 tam
1042 1950 1163 2001 dicit,
1193 1951 1237 1993 id
1257 1958 1503 1992 eventurum
1527 1965 1637 2000 esse,
1669 1965 1794 2006 quam
1825 1953 1940 2006 cupit
1967 1958 2190 2007 optatqu03
2212 1954 2296 2003 >ita-

154 2035 242 2077 que
262 2022 418 2062 rectius
448 2027 509 2062 est
538 2018 759 2072 deficiant.
781 2044 834 2053 —-
855 2035 894 2061 V.
917 2020 984 2060 96.
1014 2033 1101 2075 qua
1131 2018 1238 2060 levis
1268 2018 1422 2061 umbra
1444 2017 1573 2061 cadit.
1596 2019 1788 2073 Excerpt.
1812 2017 1987 2060 Poccbi:
2013 2017 2136 2061 unda
2155 2017 2297 2062 cadit:

157 2103 268 2145 quae
297 2090 504 2144 scriptura
534 2088 649 2129 uude
680 2094 773 2129 orta
801 2089 872 2138 sit,
903 2094 1030 2143 patet.
1062 2086 1189 2129 Conf.
1212 2086 1308 2130 Tib.
1331 2087 1368 2137 Ι,
1402 2087 1447 2137 l,
1475 2087 1541 2127 27.
1572 2087 1718 2128 Horat.
1740 2085 1798 2135 ΙΙ,
1827 2086 1874 2135 3,
1895 2086 1934 2127 9.
1962 2086 2293 2142 Epod.‘16;·48.

157 2158 216 2200 At
245 2157 351 2198 haec
378 2155 483 2197 nihil
513 2155 566 2197 ad
598 2156 711 2196 hunc
740 2156 879 2197 locum
909 2157 1133 2210 pertinent.
1179 2154 1308 2196 ovid.
1336 2155 1508 2195 Metam.
1540 2155 1601 2204 V,
1630 2155 1726 2195 336.
1764 2156 2049 2208 memorisque
2078 2153 2164 2195 levi
2190 2159 2295 2196 ,con—-

154 2224 268 2267 sedit
293 2226 341 2265 'in
370 2223 535 2265 umbra:
574 2225 642 2264 cui
669 2223 768 2264 loco
798 2223 1085 2264 Tibullianum
1116 2223 1239 2262 istum
1271 2221 1429 2276 Gierig.
1457 2221 1646 2263 contulit.
1692 2221 1887 2276 Heynius
1913 2221 2296 2277 levem‘comparat

157 2293 282 2335 Statii
310 2291 526 2333 tremulae
555 2290 736 2332 umbrae
774 2289 939 2343 (Theb.
971 2290 1031 2339 V,
1071 2290 1202 2341 749):
1240 2295 1283 2330 at
1321 2295 1435 2330 recte
1464 2289 1634 2330 Dissen.
1665 2302 1754 2329 eam
1787 2288 1888 2330 dicit
1917 2290 2170 2329 contrariam
2202 2303 2296 2331 esse

156 2358 323 2405 densae
353 2358 422 2400 vel
457 2357 670 2401 horrenti.
704 2380 757 2389 -
795 2356 1036 2413 Cespitibus
1066 2388 1101 2398 ..
1119 2389 1128 2398 .
1166 2363 1305 2398 toros,
1356 2356 1502 2411 virgil.
1531 2356 1609 2405 ΙΙΙ,
1644 2356 1750 2397 224:
1786 2362 1874 2397 tum
1910 2355 2033 2397 litore
2063 2370 2195 2398 curvo
2224 2369 2294 2397 ex,

156 2430 442 2482 struimusque
467 2433 586 2468 toros
606 2424 874 2480 dapibusque
897 2424 1117 2479 epulamur
1136 2426 1299 2479 opimis.
1324 2448 1374 2457 —
1396 2439 1435 2465 v,
1459 2423 1541 2464 110
1559 2438 1650 2478 sqq.
1679 2423 1739 2464 Et
1758 2421 1860 2464 mihi
1883 2425 2142 2480 praecipue.-
2167 2425 2292 2465 iaceo

157 2509 256 2538 cum
284 2496 462 2536 saucius
487 2507 653 2534 annum
679 2498 723 2534 et
741 2491 886 2545 faveo
917 2490 1072 2532 morbo
1089 2524 1100 2541 ,
1134 2505 1233 2533 cum
1261 2494 1383 2532 iuvat
1410 2493 1503 2547 ipse
1531 2490 1686 2540 dolor,
1728 2490 1876 2547 Usque
1915 2504 2027 2533 cano
2056 2489 2293 2534 Nemesim.
2372 2534 2384 2539 ,
2447 2496 2452 2502 ’

155 2563 222 2607 lta
252 2560 543 2604 Lachmannus
575 2568 615 2603 et
642 2561 744 2615 legit
772 2567 813 2602 et
846 2559 1051 2609 distinxit,
1082 2561 1207 2615 eique
1237 2561 1506 2600 consentiunt
1536 2558 1705 2599 Dissen.
1733 2565 1775 2599 et
1803 2558 2036 2613 Gruppius.
2076 2557 2160 2600 Alii
2197 2566 2295 2614 post

156 2633 392 2690 praecipue
422 2645 601 2679 comma,
628 2635 727 2686 post
751 2643 880 2670 voces
908 2627 1061 2670 morbo
1094 2635 1134 2669 et
1160 2626 1296 2668 dolor
1322 2625 1449 2667 colon
1479 2633 1734 2681 posuerunt,
1765 2633 1812 2668 ut
1841 2627 2036 2680 Heynius
2068 2632 2109 2666 et
2128 2626 2296 2668 Husch—

155 2699 264 2741 kius.
322 2698 454 2741 Iidem
493 2705 537 2739 et
571 2697 798 2739 Passeratii
836 2698 1119 2737 coniecturam
1157 2701 1251 2736 tam
1288 2694 1411 2734 iuvat
1449 2699 1516 2743 et,
1563 2693 1682 2748 quod
1721 2692 1774 2734 ab
1813 2691 1911 2734 Ald.
1943 2691 2054 2733 1513
2088 2692 2296 2748 divulgari

157 2774 358 2823 coeptum
388 2771 472 2816 est,
505 2766 667 2821 vixque
693 2769 960 2820 receperunt.
1017 2763 1177 2804 Verum
1207 2767 1299 2802 tam
1328 2767 1389 2801 est
1420 2760 1635 2815 aliquanto
1666 2760 1838 2810 fortius,
1869 2774 1994 2815 quam
2025 2767 2071 2801 ut
2099 2759 2155 2802 ad
2180 2759 2294 2802 hunc

157 2833 300 2875 locum
331 2831 529 2888 quadret,
567 2834 814 2887 praesertim
843 2844 935 2871 cum
967 2830 1104 2871 oratio
1137 2829 1293 2870 leniter
1318 2827 1528 2883 profluat:
1573 2830 1709 2883 aptius
1746 2826 1881 2877 foret,
1914 2829 1959 2868 ni
1995 2827 2146 2878 fallor,
2189 2842 2295 2869 nam

156 2903 290 2943 iuvat.
323 2899 500 2956 Vixque
528 2899 643 2941 haud
673 2897 803 2940 dubie
832 2904 974 2939 natum
1005 2904 1068 2938 est
1095 2911 1144 2938 ex
1173 2898 1381 2951 scriptura
1410 2902 1550 2937 taceo.
1594 2896 1651 2936 At
1677 2900 1803 2936 taceo
1835 2894 2167 2949 malessiungitur
2199 2908 2294 2936 cum
2338 2916 2344 2920 -

156 2982 262 3011 voce
289 2969 466 3010 saucius
494 2965 1025 3023 meritoqueemendatum
1055 2971 1118 3006 est
1147 2979 1171 3005 a
1201 2963 1426 3019 Scaligero.
1485 2962 1642 3018 Neque
1671 2963 1799 3017 magis
1829 2960 1960 3003 dubia
1996 2969 2059 3004 est
2087 2963 2293 3016 scriptura
