2462 3112
1157 100 1367 139 xxxvl!

169 225 296 267 buius
325 223 412 265 loci
441 220 630 264 brevitas
661 234 758 262 cum
787 220 979 275 proxime
1012 220 1247 275 superioris
1287 220 1411 275 copia
1449 224 1751 274 comparetur,
1792 231 1882 260 non
1919 225 2061 274 potest
2093 231 2183 260 nou
2218 217 2358 261 videri

167 293 310 336 nimia.
346 291 530 332 Tantum
553 287 674 344 quod
705 293 836 343 poeta
867 287 1171 329 continentiam
1202 285 1372 342 puellae
1403 299 1479 342 spe
1512 291 1554 327 et
1580 285 1722 327 animo
1752 285 1944 327 haustam
1965 284 2125 327 vilitate
2153 299 2356 328 vasorum

169 357 443 417 quorundam
475 354 806 413 significaverat,
839 369 934 396 cum
966 352 1022 395 ad
1052 352 1355 409 increpandam
1387 351 1559 409 puellae
1592 353 1807 394 avaritiam
1839 360 1879 394 et
1910 350 2136 408 perfidiam
2168 351 2355 396 adsiluit.

169 427 269 484 Qua
298 440 346 468 re
375 430 614 468 commotus
645 421 892 464 Huschkius
923 423 1001 464 etsi
1033 422 1187 463 retinet
1215 422 1464 477 scripturam
1497 421 1567 463 At
1598 420 1698 470 tibi,
1739 422 1999 477 propensior
2029 427 2169 463 tamen
2202 427 2267 462 est
2297 420 2355 463 ad

165 493 367 538 tuendam
397 491 573 535 alteram
604 491 674 532 At
704 489 820 532 mihi.
876 489 948 532 Sic
979 491 1088 531 enim
1120 495 1161 531 et
1191 489 1461 544 praedatoris
1494 488 1743 546 opulentiae
1772 495 2065 544 paupertatem
2097 490 2154 530 ait
2186 486 2353 530 Tibulli

168 563 335 619 opponi
376 567 418 604 et
454 574 582 616 quam
621 558 862 601 molestiam
903 557 1050 600 eadem
1088 556 1160 599 illa
1202 556 1335 599 verba
1374 559 1443 598 At
1481 555 1556 599 tibi
1595 555 1743 612 paullo
1782 556 1892 598 infra
1934 559 1999 609 (v.
2033 556 2130 608 61.)
2168 557 2353 611 repetita

169 629 402 680 afferrent,
443 642 534 671 eam
566 640 735 669 omnem
766 625 936 682 depelli.
993 625 1112 680 Ergo
1145 623 1200 666 de
1231 624 1441 666 Huschkii
1469 626 1675 681 opinione
1707 627 1919 666 sententia
1959 626 2090 666 totius
2131 623 2217 666 loci
2247 623 2354 666 haec

166 698 299 742 foret:
330 705 372 740 at
401 710 481 754 ego
511 709 679 753 pauper
709 702 751 737 et
778 696 926 751 paucis
957 699 1186 735 contentus
1217 707 1335 734 sum:
1373 707 1525 734 verum
1564 693 1767 749 quoniam
1798 692 1928 735 video
1946 726 1955 743 ‚
1993 691 2182 748 puellam
2212 705 2352 734 meam

168 780 337 808 avaram
369 779 486 816 esse,
517 777 598 820 ego
629 776 806 819 quoque
838 763 1031 819 quamvis
1059 762 1217 802 invitus
1248 761 1302 803 ad
1334 760 1638 817 capessendam
1668 760 1870 816 praedam
1899 775 1965 802 me
1996 762 2231 816 accingam,
2261 773 2354 803 non

165 841 215 877 ut
242 834 345 876 mihi
374 832 542 876 divitias
573 844 836 887 comparem,
867 829 942 872 sed
971 837 1019 871 ut
1048 827 1249 879 habeam,
1286 828 1446 885 quibus
1476 827 1633 884 opibus
1668 826 1842 884 puellae
1872 828 2112 870 aviditatem
2145 827 2350 883 expleam.

168 902 289 944 Haec
320 908 363 943 et
396 899 451 943 ad
483 914 554 951 ea,
584 914 696 956 quae
726 913 856 955 supra
888 897 942 940 de
971 897 1231 954 praedatore
1263 896 1376 939 dicta
1407 904 1532 947 sunt,
1570 903 1666 952 apte
1698 899 1932 952 composita
1965 911 2058 938 esse
2093 903 2134 938 et
2163 898 2276 938 inter
2304 909 2351 938 se

170 971 332 1028 optime
359 969 618 1018 cohaerere,
651 969 798 1023 negari
828 967 992 1021 nequit.
1027 966 1123 1007 Nec
1145 979 1293 1007 moror
1323 966 1645 1007 coniunctivum
1677 963 1884 1007 trahant:
1913 963 2062 1021 quidni
2096 966 2206 1006 enim
2238 977 2354 1006 com-⁴

166 1038 296 1081 mode
329 1036 523 1080 dicatur:
560 1037 646 1077 wie
676 1048 807 1090 gerne
836 1033 1016 1075 brachte
1046 1033 1115 1075 ich
1146 1034 1261 1076 ohne
1294 1032 1406 1075 allen
1438 1032 1590 1075 Prunk
1623 1035 1764 1075 meine
1796 1033 1913 1089 Tage
1945 1047 2024 1074 zu:
2064 1032 2141 1075 sed
2171 1030 2351 1087 intelligi

169 1113 297 1164 poeta
326 1104 442 1156 vult,
476 1103 558 1146 sibi
587 1102 631 1145 id
663 1116 751 1159 non
782 1103 992 1158 permitti,
1024 1103 1184 1157 quippe
1215 1115 1310 1143 cum
1341 1100 1487 1157 puella
1518 1100 1676 1143 divitiis
1702 1101 1847 1142 inhiet.
1908 1100 2043 1142 Simili
2073 1099 2204 1142 modo
2235 1098 2352 1155 apud

166 1175 392 1218 Horatium
414 1173 462 1214 L.
483 1172 514 1214 Ι.
534 1171 613 1222 31,
643 1170 709 1212 15.
740 1185 810 1212 me
833 1176 1027 1226 pascant
1055 1169 1255 1226 explicari
1285 1176 1428 1225 potest
1460 1187 1482 1206 ω
1497 1183 1543 1211 es
1562 1175 1718 1225 mugen
1740 1169 1851 1211 mich
1883 1168 2123 1210 ernahren«
2154 1192 2199 1198 -—
2228 1167 2350 1209 dum-

164 1242 298 1285 modo
327 1239 528 1284 videlicet
555 1246 605 1290 tu
646 1239 731 1281 frui
760 1240 919 1294 paratis
950 1245 991 1280 et
1020 1237 1167 1280 valido
1197 1237 1296 1279 mihi
1327 1237 1465 1280 dones
1498 1244 1540 1279 et
1569 1240 1733 1294 integra
1764 1251 1859 1279 cum
1890 1243 2029 1279 mente
2060 1244 2166 1279 cet.:
2208 1237 2351 1292 aptior

163 1317 308 1354 tamen
341 1315 407 1351 est
435 1307 692 1350 indicativus
720 1313 939 1364 pascunt,
971 1320 1060 1362 quo
1090 1308 1234 1362 posito
1266 1304 1467 1362 intelligis
1499 1307 1726 1348 Horatium
1758 1304 1813 1347 de
1843 1308 1954 1347 vitae
1986 1303 2215 1361 cultusque
2246 1318 2351 1346 con·

164 1377 394 1421 suetudine
422 1375 559 1432 loqui.
606 1375 725 1418 ldem
757 1374 840 1417 dici
871 1381 1015 1430 potest
1046 1373 1101 1416 de
1132 1375 1217 1416 hoc
1248 1373 1370 1425 loco,
1401 1375 1442 1415 in
1476 1387 1566 1430 quo
1596 1372 1927 1429 interpretando
1958 1386 2191 1415 versamur.
2234 1373 2352 1423 Nec,

163 1447 200 1488 si
230 1459 281 1487 ea
309 1442 504 1500 quidem,
535 1457 663 1499 quam
694 1456 823 1498 supra
854 1441 1176 1498 explicavimus,
1206 1441 1269 1482 his
1300 1441 1443 1484 verbis
1473 1441 1623 1484 subest
1653 1444 1886 1490 sententia,
1917 1440 2096 1483 dubium
2128 1449 2211 1491 est,
2243 1442 2348 1497 quin

162 1511 470 1570 praeferendus
499 1512 553 1553 sit
578 1509 848 1553 indicativus.
891 1510 1057 1551 Verum
1090 1512 1199 1552 enim
1230 1524 1336 1552 vero
1367 1512 1402 1552 si
1432 1512 1566 1552 totius
1597 1509 1683 1552 loci
1714 1511 2071 1566 compositionem
2103 1508 2348 1565 diligentius

165 1579 527 1631 consideraveris,
566 1577 690 1620 facile
719 1577 910 1629 videbis,
940 1572 1025 1620 hoc
1057 1577 1156 1620 loco
1188 1580 1362 1621 omnino
1393 1592 1483 1620 non
1511 1578 1555 1621 id
1587 1580 1673 1635 agi,
1714 1585 1761 1620 ut
1793 1577 1959 1620 Tibulli
1990 1584 2222 1634 paupertas
2253 1591 2349 1618 cum

164 1649 334 1693 luxuria
367 1647 508 1691 divitis
537 1645 652 1689 illius
681 1646 866 1688 hominis
888 1653 1178 1703 comparetur,
1207 1646 1283 1689 sed
1307 1646 1431 1688 aliam
1462 1661 1556 1689 esse
1586 1661 1797 1698 caussam,
1829 1661 1906 1689 cur
1928 1654 2057 1703 poeta
2086 1649 2350 1703 paupertatis

165 1732 270 1761 suae
297 1717 554 1759 mentionem
586 1713 750 1756 fecerit.
802 1715 946 1769 Atque
980 1713 1034 1756 ad
1065 1714 1149 1756 hoc
1181 1729 1310 1756 unum
1342 1729 1502 1757 summa
1534 1716 1665 1757 totius
1696 1714 1782 1757 loci
1817 1714 2050 1757 referenda
2082 1722 2155 1757 est.
2214 1713 2351 1770 Optat

163 1787 362 1828 nimirum
390 1782 592 1825 Tibullus
610 1815 620 1833 ,
655 1781 701 1825 id
728 1782 843 1824 vitae
872 1796 1008 1838 genus
1039 1781 1210 1838 puellae
1239 1782 1424 1839 placere.
1485 1782 1591 1825 Inde
1622 1790 1830 1839 apparet,
1863 1790 1904 1825 et
1934 1782 2215 1839 quamobrem
2245 1796 2349 1825 con-

164 1854 378 1896 iunctivus
407 1852 572 1908 positus
603 1851 658 1892 sit
688 1856 730 1892 et
762 1864 889 1906 quam
915 1849 1153 1905 prudenter
1181 1852 1234 1893 sit
1265 1851 1486 1906 epitheton
1509 1851 1630 1894 laeta
1660 1851 1864 1894 additum.
1907 1852 2001 1893 Hac
2028 1853 2138 1894 enim
2168 1850 2350 1903 laetitia,

166 1935 252 1979 qua
279 1921 414 1977 ipsius
452 1925 682 1975 paupertas
714 1916 978 1968 abundaret,
1018 1917 1208 1960 luxuries
1238 1918 1354 1961 illius
1387 1918 1571 1961 hominis
1615 1927 1804 1969 careret,
1846 1920 2029 1961 animum
2060 1918 2227 1975 puellae
2257 1917 2351 1960 alli-

166 2003 264 2032 cere
287 1989 478 2032 tentavit.
532 1984 602 2029 Ad
633 2000 745 2042 quae
775 1984 910 2027 verba
941 1987 1037 2041 quis
1067 2000 1157 2028 non
1187 1988 1426 2029 meminerit
1456 1986 1541 2029 loci
1572 1987 1687 2029 illius
1709 1988 1934 2030 Horatiani
1965 1987 2046 2040 (C.
2069 1987 2141 2029 ltt.
2165 1987 2209 2037 l,
2241 1987 2350 2039 19.)=

166 2057 392 2101 destrictus
424 2057 536 2097 ensis
567 2056 637 2096 cui
667 2067 800 2110 super
830 2055 957 2110 impia
988 2055 1156 2096 cervice
1186 2053 1369 2110 pendet,
1400 2069 1489 2097 non
1512 2055 1683 2098 Siculae
1709 2055 1840 2112 dapes
1868 2055 2036 2099 dulcem
2060 2054 2350 2097 elaborabunt

166 2139 364 2183 saporem
388 2131 467 2167 cet.
505 2121 704 2165 Ostendit
726 2136 847 2174 sane,
880 2121 1000 2178 quod
1021 2129 1153 2179 poeta
1177 2123 1419 2174 Nemesim,
1448 2138 1576 2179 quam
1595 2123 1787 2166 nondum
1811 2125 2063 2175 nominavit,
2094 2124 2351 2179 pronomine

164 2193 380 2236 secundae
409 2205 622 2249 personae
652 2190 889 2248 alloquitur
909 2190 1118 2247 quodque
1148 2190 1297 2233 iisdem
1319 2190 1463 2233 verbis
1485 2191 1631 2248 paullo
1656 2191 1763 2235 infra
1787 2191 2084 2248 praedatorem
2108 2190 2348 2247 compellat.

164 2260 280 2304 Illud
301 2261 523 2303 Dissenius
554 2259 641 2302 alio
672 2259 772 2302 loco
803 2259 929 2301 huius
960 2258 1074 2301 haud
1106 2259 1297 2301 dissimili
1334 2259 1396 2311 (I.
1418 2260 1468 2310 8,
1498 2260 1575 2311 27,
1607 2260 1697 2313 69.)
1729 2260 1923 2303 defendit
1953 2259 2020 2302 vel
2051 2259 2194 2316 potius
2226 2273 2349 2301 excu-

164 2331 296 2372 savit:
331 2329 416 2371 hoc
444 2327 569 2370 nullo
600 2334 728 2383 pacto
760 2327 936 2370 defendi
967 2327 1037 2369 vel
1074 2330 1267 2369 excusari
1297 2335 1467 2384 potest:
1501 2342 1581 2371 nec
1619 2342 1793 2371 necesse
1834 2330 1943 2379 erit,
1984 2330 2019 2370 si
2059 2328 2190 2369 semel
2220 2326 2348 2370 nobis

165 2398 246 2440 erit
274 2409 525 2453 persuasum
544 2427 555 2445 ‚
595 2394 679 2437 hoc
710 2407 888 2436 carmen
915 2401 987 2436 aut
1026 2408 1049 2435 a
1080 2402 1211 2450 poeta
1242 2409 1332 2438 non
1373 2410 1466 2438 esse
1503 2395 1718 2439 elimatum
1750 2405 1823 2439 aut
1854 2404 2095 2453 temporum
2126 2398 2350 2451 iniquitate

162 2463 490 2520 corruptum.V.
507 2462 564 2504 59
580 2476 641 2518 sq.
674 2462 772 2504 Hoc
797 2461 1032 2513 distichon,
1063 2469 1112 2504 ut
1136 2477 1265 2519 supra
1288 2462 1394 2515 dixi,
1423 2463 1612 2507 arbitror
1632 2465 1884 2521 ponendum
1907 2472 2007 2522 post
2030 2479 2199 2507 versum
2223 2466 2349 2507 trice-

163 2533 315 2575 simum
346 2537 564 2587 quartum:
597 2529 716 2586 quod
748 2536 899 2585 postea
930 2532 1116 2586 cognovi
1148 2533 1271 2573 etiam
1299 2531 1501 2588 Gruppio
1534 2532 1587 2586 (l.
1610 2532 1636 2575 l.
1659 2548 1699 2589 p.
1722 2533 1811 2585 99.)
1838 2533 2061 2589 placuisse.
2100 2534 2211 2574 Tum
2242 2546 2349 2575 vero

165 2601 400 2642 sententiae
431 2598 508 2639 hac
540 2599 707 2640 ratione
738 2599 849 2640 inter
878 2612 924 2640 se
957 2612 1090 2641 nexae
1121 2599 1434 2656 colligataeque
1464 2600 1623 2643 forent:
1676 2608 1905 2657 postquam
1938 2608 2063 2656 poeta
2097 2600 2233 2642 fassus
2265 2607 2348 2652 est,
2378 2596 2383 2598 ξ

165 2665 248 2709 sibi
278 2679 456 2722 quoque
485 2667 592 2708 tristi
623 2665 768 2708 fronte
801 2664 1062 2721 Cupidinem
1092 2668 1304 2723 imperare
1324 2700 1334 2718 ‚
1375 2670 1623 2711 convocatis
1643 2701 1653 2719 ‚
1693 2668 1851 2725 quibus
1882 2668 1995 2710 idem
2027 2670 2262 2719 evenisset,
2301 2670 2361 2710 in

165 2749 284 2778 suam
315 2733 489 2776 domum
518 2740 722 2789 tanquam
753 2735 796 2775 iu
828 2740 985 2784 castra,
1015 2736 1061 2776 in
1092 2734 1251 2790 quibus
1282 2734 1500 2778 molestias
1531 2736 1708 2779 militiae
1731 2738 1897 2778 Veneri
1928 2735 2091 2778 dicatae
2121 2737 2349 2792 percipere

165 2808 365 2859 possent,
395 2800 549 2853 Nota,
578 2803 737 2858 inquit,
769 2801 935 2858 loquor
955 2803 980 2845 i.
1005 2817 1041 2845 e.
1063 2805 1231 2860 cognita
1264 2810 1307 2845 et
1335 2811 1506 2860 experta
1537 2803 1906 2856 (Allbekanntes).
1938 2803 2066 2859 Prop.
2088 2803 2161 2846 111.
2186 2803 2260 2855 13,
2287 2805 2349 2847 6.:

166 2871 300 2915 Certa
330 2869 492 2926 loquor
513 2901 524 2923 ,
563 2868 643 2911 sed
672 2868 791 2912 nulla
821 2869 944 2911 fides.
1005 2870 1117 2912 Tum
1150 2870 1296 2914 addit:
1335 2885 1527 2929 regnum
1555 2874 1650 2929 ipse
1679 2878 1832 2922 tenet,
1872 2884 2003 2927 quem
2035 2885 2171 2926 saepe
2201 2874 2352 2930 coegit

162 2937 374 2982 Barbam
409 2943 631 2996 gypsatos
655 2935 795 2991 ferre
835 2942 1012 2981 catasta
1047 2937 1198 2997 pedes.
1258 2938 1539 2982 Manifestum
1579 2946 1667 2993 est,
1708 2940 1907 2996 opposita
1944 2952 2038 2982 esse
2078 2951 2271 2998 regnum
2310 2947 2352 2983 et
