2462 3112
1195 77 1301 118 HK

160 199 304 255 (ens.
327 199 525 256 Propert.
546 198 620 240 lv.
641 190 694 239 21
708 230 720 250 ,
743 190 819 242 ΙΙ.
850 196 1001 242 Senec.
1015 197 1152 239 Herc.
1173 196 1256 240 fur.
1278 196 1352 239 1112
1373 196 1470 239 783.
1496 196 1602 240 Stat.
1624 196 1763 240 Theb.
1788 196 1907 239 vni.
1930 197 2030 251 560.
2067 198 2155 241 Pro
2182 200 2338 242 navita

157 269 319 350 puppis
337 267 638 311 Broukhusius
662 280 712 308 ex
731 266 880 323 paucis
905 263 1028 307 libris
1056 263 1174 307 dedit
1194 267 1347 308 navita
1370 267 1526 323 tur-pis.
1556 279 1707 308 vocem
1726 267 1886 323 puppis
1906 278 1987 322 pro
2006 272 2128 317 rate,
2158 265 2339 322 cymba,

160 339 319 382 carina
344 338 527 412 positam
555 333 661 376 nihil
688 347 864 376 moror:
905 332 984 376 sed
1015 334 1169 376 navita
1197 335 1359 390 puppis
1394 335 1429 375 si
1459 346 1549 375 non
1579 332 1756 389 putide,
1792 339 1906 375 certe
1932 346 2046 375 nove
2073 333 2232 376 dictum
2263 342 2338 379 est.

161 405 283 448 Licet
302 404 429 446 etiam
448 403 614 452 mirari,
640 415 750 443 cum
748 399 954 444 Cerbero
976 391 1196 458 epitheton
1218 400 1502 458 depingendis
1525 399 1611 442 loci
1631 399 1873 443 terroribus
1897 400 2102 443 idoneum
2126 401 2339 444 adiectum

159 474 230 523 sit,
256 470 467 515 Charonti
491 469 576 512 tale
599 469 822 526 epitheton
843 469 1006 512 deesse.
1042 468 1191 525 Itaque
1213 468 1439 526 legendum
1461 475 1536 510 aut
1554 470 1697 526 turpis
1712 475 1786 510 aut
1806 467 1925 524 quod
1941 469 2213 512 Burmannus
2234 483 2340 511 cou-

157 540 257 583 ieeit
276 540 440 588 tristis,
462 551 647 595 quorum
671 537 958 594 epithetorum
980 544 1179 579 neutrum
1201 536 1409 579 abhorret
1430 551 1452 578 a
1476 542 1626 578 natura
1650 542 1693 578 et
1714 535 1864 578 babitu
1886 535 2130 580 Charontis.
2161 536 2334 580 Anthol.

158 622 218 666 gr.
239 607 272 650 1.
293 621 338 664 p.
361 606 456 650 169.
479 606 657 650 Charon
683 604 820 648 Α’ίδεω
853 602 1047 660 λυπηρὸς
1077 591 1276 658 ὁιηκσιόι,
1299 603 1474 647 dicitur:
1504 603 1644 646 latinis
1668 606 1811 660 poetis
1834 603 1946 646 idem
1967 603 2220 661 squallidus
2243 607 2336 647 sive

158 673 345 719 terribili
363 673 533 718 obsitus
549 673 782 731 squallore
797 680 989 716 vocatur.
1029 673 1194 714 Verum
1220 673 1423 728 quoniam
1441 674 1585 730 turpis
1610 672 1665 714 ad
1682 674 1920 729 scripturae
1941 672 2140 728 vulgatae
2160 675 2337 730 vestigia

158 745 358 801 propiuS,
387 757 514 798 quam
539 743 680 785 tristis
709 741 892 793 accedit,
923 739 1030 783 illud
1053 739 1153 781 huic
1175 739 1525 796 anteponendum
1551 741 1756 782 existimo.
1781 762 1837 771 -
1867 754 1907 781 V.
1924 740 1992 783 37.
2022 743 2337 798 percussisque

158 813 300 871 genis.
332 811 463 852 Varia
485 806 695 866 scriptura
718 817 782 852 est
803 809 1117 867 percissisque,
1147 822 1196 849 ex
1214 822 1299 864 qua
1317 807 1506 864 Scaliger
1522 806 1693 850 refinxit
1704 809 2034 865 perscissisque.
2074 809 2173 851 Hoc
2189 816 2336 852 tuetur

158 878 410 930 Praetkius,
426 877 639 934 vulgatam
652 876 912 920 Huschkius.
944 876 1128 918 Vossius
1148 882 1288 917 autem
1310 882 1353 917 et
1371 875 1560 931 Vulpius
1581 889 1662 932 pro
1681 878 1906 932 percussis
1928 884 2217 932 reposuerunt
2233 892 2336 935 pet·-

160 946 318 998 culsis,
345 948 507 1003 quippe
538 959 650 1002 quae
674 959 804 988 voces
828 944 1060 987 sexcenties
1085 958 1109 985 a
1139 942 1326 985 librariis
1353 950 1636 986 commutatae
1667 950 1820 986 essent.
1867 945 1930 985 Ac
1947 945 2131 987 Vossius
2160 945 2335 1000 quidem

157 1001 392 1073 perculsas
411 1028 556 1073 genas
579 1012 762 1069 explicat
787 1019 908 1055 metu
928 1013 1086 1054 mortis
1107 1013 1327 1054 attonitas
1348 1011 1508 1064 (ovid.
1529 1012 1608 1068 Ep,
1631 1026 1680 1053 ex
1702 1012 1829 1054 Pont.
1851 1011 1903 1054 ΙΙ.
1928 1012 1976 1063 3,
2006 1012 2116 1065 9().),
2145 1012 2335 1069 Vulpius

161 1084 266 1141 rogi
270 1083 474 1135 flammis
486 1080 786 1139 perturbatas.
814 1079 1061 1122 Huschkius
1078 1079 1398 1136 intelligendum
1416 1081 1472 1122 ait
1490 1082 1667 1123 timore:
1686 1094 1927 1136 percussas
1950 1081 2061 1122 enim
2078 1094 2224 1138 genas
2241 1095 2335 1124 esse

157 1165 331 1209 pavore
344 1149 580 1204 biformes.
612 1151 669 1192 At
687 1149 793 1192 haec
811 1164 927 1191 mera
946 1155 1009 1191 est
1026 1147 1338 1204 interpretandi
1364 1147 1554 1199 licentia,
1585 1147 1639 1190 ad
1665 1162 1791 1204 quam
1815 1146 2092 1190 obtinendam
2110 1148 2215 1190 nihil
2234 1163 2336 1205 pro-

158 1226 257 1262 sunt
273 1217 363 1260 loci
393 1217 448 1260 ab
470 1216 692 1260 Huschkio
719 1231 768 1258 ex
799 1216 891 1259 aliis
921 1215 1205 1273 scriptoribus
1226 1215 1395 1272 prolati.
1441 1215 1607 1259 Omnes
1628 1218 1741 1258 enim
1763 1218 1913 1258 mirum
1937 1223 2140 1272 quantum
2164 1216 2219 1259 ab
2251 1217 2335 1260 hoc

158 1287 259 1331 loco
283 1286 503 1330 differunt.
543 1284 770 1328 Praefkius
791 1285 979 1341 denique
1011 1299 1107 1327 cum
1138 1292 1399 1341 perseverat,
1428 1287 1675 1341 perscissus
1700 1286 1726 1326 i.
1746 1299 1782 1328 e.
1803 1286 1952 1327 mortis
1973 1283 2199 1327 doloribus
2230 1284 2347 1328 dila-⁴

158 1361 320 1398 ceratas
335 1368 468 1411 genas
491 1353 756 1410 respondere
777 1354 888 1395 ustis
907 1352 1097 1410 capillis,
1126 1367 1215 1395 non
1238 1353 1482 1396 adtendisse
1500 1353 1670 1396 videtur
1699 1352 1755 1395 ad
1784 1352 1850 1403 id,
1881 1352 2002 1409 quod
2031 1354 2113 1395 iam
2133 1353 2333 1409 Heynius

158 1431 201 1468 et
217 1424 446 1466 Dissenius
462 1428 741 1471 monuerant,
773 1435 862 1463 non
892 1420 947 1463 de
976 1420 1094 1464 luctu
1123 1421 1209 1463 hoc
1238 1421 1338 1464 loco
1356 1421 1664 1478 —lugentium
1690 1428 1829 1463 autem
1855 1427 1947 1463 erat
1970 1435 2096 1477 genas
2122 1421 2334 1475 lacerare,

159 1498 309 1548 pectus
339 1498 381 1534 et
415 1491 576 1533 femora
605 1489 809 1546 plangere
840 1513 893 1522 -
924 1503 1067 1547 neque
1106 1489 1160 1532 de
1191 1504 1279 1532 uno
1318 1490 1465 1546 aliquo
1495 1491 1642 1532 mortis
1678 1503 1862 1546 genere,
1897 1489 1974 1531 sed
2013 1493 2246 1546 generatim
2278 1491 2335 1534 de

158 1567 298 1603 morte
319 1561 407 1616 agi,
433 1560 489 1601 ita
513 1565 666 1601 utnon
687 1560 815 1615 magis
835 1566 983 1616 genae
1013 1556 1246 1615 unguibus>
1268 1556 1567 1608 dilaceratae,
1597 1572 1744 1613 quam,
1775 1571 1888 1614 quae
1913 1564 2003 1599 erat
2026 1557 2336 1602 Klindworthii

160 1629 330 1686 opinio,
358 1629 500 1670 macie
529 1624 770 1679 confectae
799 1625 981 1682 intelligi
1003 1633 1192 1682 possent.
1226 1627 1391 1668 Heinsii
1414 1628 1662 1668 coniectura
1683 1627 1829 1667 exesis
1850 1627 1912 1667 rei
1933 1631 2218 1669 consentanea
2251 1635 2334 1678 est;

159 1711 186 1739 a
215 1697 403 1752 vestigiis
433 1696 668 1751 scripturae
690 1695 814 1736 nimis
845 1693 1044 1736 discedit:
1076 1693 1228 1736 eodem
1258 1696 1352 1736 iure
1381 1697 1574 1744 exustis,
1604 1695 1809 1736 exsuccis
1834 1701 1907 1736 aut
1934 1694 2191 1752 praefuscis
2223 1696 2334 1748 (vid.

158 1763 309 1806 Manil.
330 1764 404 1805 lv,
429 1762 544 1815 722.)
576 1776 775 1818 reponas.
819 1761 932 1805 Illud
964 1769 1161 1819 apparet,
1193 1778 1288 1804 cum
1313 1763 1394 1805 hae
1422 1762 1602 1805 umbrae
1624 1761 1679 1804 de
1700 1775 1808 1818 rogo
1834 1761 1887 1804 ad
1918 1762 2078 1805 inferos
2101 1763 2336 1807 descende-

159 1833 262 1882 rint,
292 1829 542 1874 attributum
573 1831 754 1886 requiri,
786 1830 904 1886 quod
938 1830 1074 1872 simile
1105 1833 1158 1872 sit
1189 1830 1380 1886 epitheto
1402 1831 1575 1888 capillis
1607 1829 1789 1872 adiecto.
1839 1829 1885 1872 Si
1910 1829 2143 1887 quidquam
2166 1833 2266 1874 mihi
2291 1835 2335 1875 in

161 1901 304 1942 animo
339 1905 450 1941 esset
487 1905 650 1940 mutare
669 1930 678 1948 ‚
715 1900 970 1941 coniicerem
998 1900 1238 1956 pertostis,
1281 1913 1538 1956 quamquam
1571 1899 1654 1941 hoc
1680 1897 1860 1940 verbum
1891 1900 2171 1955 compositum
2202 1900 2333 1943 hodie

160 1966 334 2023 quidem
358 1980 568 2022 nusquam
596 1965 761 2022 legitur.
794 1967 964 2009 Lucret.
985 1966 1059 2021 ΙΙΙ,
1081 1967 1199 2008 903.;
1230 1966 1404 2023 Ignibus
1434 1968 1678 2023 impositum
1708 1965 1857 2009 calidis
1879 1972 2123 2009 torrescere
2145 1968 2333 2011 flammis.

158 2036 218 2077 At
247 2048 336 2091 quo
363 2033 531 2076 facilior
553 2033 636 2076 hoc
666 2033 766 2076 loco
797 2033 994 2076 videatur
1023 2049 1116 2076 esse
1148 2036 1428 2086 coniectatio,
1460 2049 1514 2077 eo
1536 2037 1666 2091 magis
1695 2034 1768 2076 illa
1800 2041 1863 2077 est
1894 2034 2071 2076 lubrica.
2117 2036 2227 2078 Mihi
2251 2038 2334 2080 hoc
2382 2078 2385 2080 .

159 2117 291 2145 unum
312 2116 563 2159 persuasum
584 2108 666 2153 est,
696 2101 840 2144 malas
862 2101 1109 2144 umbrarum
1131 2102 1311 2158 intelligi
1330 2117 1556 2146 concavas
1578 2101 1814 2157 deficiente
1834 2116 1967 2159 gena.
1994 2126 2041 2133 —
2077 2118 2114 2144 v.
2136 2105 2203 2146 39.
2237 2105 2335 2147 Iau-

159 2168 340 2213 dandus
368 2169 482 2212 valet
510 2168 641 2211 laude
672 2169 849 2225 dignus:
881 2169 1020 2226 qualis
1049 2170 1156 2212 haec
1187 2169 1280 2212 laus
1311 2172 1390 2222 sit,
1422 2185 1473 2213 ex
1502 2173 1635 2214 totius
1664 2172 1905 2213 sententiae
1936 2171 2103 2213 ratione
2134 2176 2337 2229 cognosci

160 2237 314 2282 debet:
345 2245 408 2280 est
437 2236 520 2279 alia
550 2236 642 2279 laus
673 2238 867 2289 virtutis,
899 2238 980 2280 alia
1007 2238 1195 2290 formae,
1227 2238 1306 2281 alia
1339 2239 1606 2282 condicionis
1637 2254 1687 2281 ac
1712 2241 1852 2281 vitae:
1882 2240 1916 2280 si
1949 2238 2241 2291 condicionis,
2271 2244 2336 2283 in-

158 2305 383 2362 telligitur,
412 2304 601 2361 aliquem
628 2303 884 2356 feliciorem,
915 2305 1240 2350 fortunatiorem
1257 2341 1267 2358 ,
1297 2306 1533 2350 beatiorem
1565 2322 1669 2350 esse.
1692 2330 1747 2340 —
1774 2321 1814 2350 v,
1837 2307 1904 2349 40.
1932 2309 2113 2366 pigram
2131 2317 2336 2353 senecta-

159 2381 249 2417 tem
269 2374 496 2416 Dissenius
518 2372 609 2415 vult
630 2381 928 2429 praematurae
950 2376 1075 2418 morti
1096 2377 1350 2431 oppositam.
1389 2377 1446 2418 At
1472 2379 1564 2433 ipsa
1593 2381 1802 2418 senectus
1831 2376 1933 2417 satis
1964 2378 2120 2432 arguit,
2150 2376 2334 2434 aliquem

159 2455 251 2485 non
286 2440 464 2483 iuvenili
503 2448 641 2484 aetate
677 2440 919 2485 absumtum
955 2457 1061 2486 esse.
1116 2443 1228 2486 Mihi
1260 2444 1480 2500 epitheton
1508 2446 1690 2503 pigram
1720 2458 1743 2485 a
1772 2450 1903 2500 poeta
1935 2442 2115 2486 electum
2143 2445 2334 2498 videtur,

159 2523 249 2565 quo
277 2508 541 2560 declararet,
575 2511 685 2552 sicut
715 2511 978 2554 iuventutem
1009 2510 1183 2554 deceret
1211 2510 1443 2564 industria,
1477 2514 1539 2554 sic
1570 2513 1779 2554 senectuti
1807 2512 2057 2567 permissum
2089 2525 2183 2554 esse
2212 2515 2338 2556 otiari

160 2590 212 2618 ac
237 2578 478 2634 quiescere:
509 2591 594 2633 qua
624 2576 681 2620 de
712 2592 859 2620 caussa
883 2584 1096 2635 paratam
1123 2578 1300 2636 prolem
1330 2578 1452 2630 dicit,
1483 2594 1596 2635 quae
1624 2581 1822 2622 nimirum
1850 2592 1994 2620 senem
2024 2585 2187 2634 patrem
2219 2580 2335 2624 bona

161 2650 283 2700 parte
310 2643 508 2687 laborum
539 2651 581 2687 et
611 2660 808 2688 curarum
839 2645 966 2689 levet.
1003 2647 1078 2688 Est
1098 2660 1201 2689 sane
1224 2645 1436 2690 interdum
1459 2646 1594 2690 tarda
1614 2662 1695 2690 seu
1712 2649 1847 2704 pigra
1878 2653 2077 2688 senectus
2110 2646 2186 2689 das
2217 2648 2335 2706 lang-

161 2725 270 2763 sam,
299 2717 392 2767 trag
421 2711 858 2756 heranschleichende
877 2713 1019 2756 Alter:
1050 2714 1127 2757 sed
1156 2714 1210 2756 ab
1238 2715 1322 2757 hoc
1351 2714 1451 2757 loco
1474 2715 1518 2757 id
1544 2716 1645 2757 mihi
1668 2715 1839 2757 videtur
1858 2714 2041 2756 alienum
2064 2729 2167 2757 esse.
2204 2715 2335 2760 ovid.

160 2777 335 2821 Metam.
355 2779 405 2821 X.
426 2778 542 2822 396.:
571 2783 732 2834 nutrix,
761 2795 852 2825 non
883 2788 973 2833 est,
1007 2782 1148 2838 inquit
1165 2814 1176 2833 ,
1211 2796 1305 2824 mea
1334 2783 1454 2839 pigra
1484 2789 1680 2825 senectus
1710 2783 1736 2823 i.
1768 2795 1805 2824 e.
1835 2781 1952 2824 nicht
1981 2780 2255 2826 arbeitscheu
2283 2787 2339 2828 ist

159 2846 276 2888 mein
303 2845 437 2888 Alter.
466 2870 524 2879 —
551 2862 591 2890 v,
621 2848 690 2891 45.
730 2849 913 2893 Interea
943 2856 1088 2892 recte:
1123 2864 1230 2906 pace
1261 2851 1374 2892 enim
1404 2849 1498 2892 vult
1539 2863 1662 2906 agros
1698 2849 1808 2900 coli,
1847 2849 1948 2891 dum
1978 2849 2031 2891 ad
2061 2849 2169 2893 illud
2201 2855 2335 2896 otium

159 2913 305 2957 senilis
335 2915 484 2957 aetatis
513 2917 606 2972 ipse
626 2919 884 2973 pervenerit.
907 2941 963 2949 --
983 2932 1023 2959 V.
1046 2918 1112 2960 46.
1144 2924 1371 2961 araturos.
1408 2918 1529 2961 Haec
1555 2917 1836 2974 plurimorum
1859 2923 1901 2959 et
1922 2919 2183 2973 optimorum
2204 2919 2338 2965 libro-

1793 2985 1821 3025 3
1850 2984 1874 3009 G
