2462 3112
1209 106 1316 150 vm

190 225 348 282 urgeri,
382 224 586 266 conviciis
615 223 724 280 peti;
764 222 886 267 tundi
919 224 1043 284 etiam
1074 231 1118 269 et
1144 241 1386 284 pugnorum
1414 225 1570 271 ictibus
1597 227 1923 282 vexarisolitos
1955 242 2065 274 esse.
2082 228 2218 277 facile:
2246 241 2339 278 (³1:02

190 292 389 336 diderim:
421 297 617 335 attamen
654 291 857 335 offendor
890 306 1000 337 voce
1018 334 1021 340 A
1037 295 1301 338 circumter-i,
1316 323 1320 339 -,
1357 295 1427 342 Ne
1464 310 1682 354 compares
1718 287 1829 344 illud
1865 312 1959 341 cum
1987 297 2132 346 verbis
2160 297 2341 356 dolare,

179 359 385 415 fricare,
430 358 522 401 aliis
561 358 606 401 id
646 374 803 416 genus:
847 374 957 403 neve
998 375 1106 409 cum,
1131 364 1209 414 iis,
1252 364 1363 419 quae
1387 362 1602 420 ⁴leguntur
1640 364 1756 422 apud
1790 355 1968 424 Statium
1999 365 2151 411 silv..1.
2171 367 2218 419 2,
2240 365 2339 413 237,

187 429 350 480 (omnis
386 425 561 483 plebeio
600 430 753 470 teritur
788 435 1004 484 praetexta
1039 429 1243 472 tumultu:
1284 430 1353 472 hic
1383 444 1534 487 eques,
1570 432 1639 474 hic
1665 434 1868 479 iuvenum
1903 440 2030 476 coetu
2067 433 2175 477 stola
2210 435 2338 490 mixta

161 510 167 520 ¹*
187 493 538 547 laborat);⁴nec
570 497 701 551 magis
745 495 969 538 commode
1007 496 1196 545 conferri
1235 503 1378 552 potest
1412 499 1568 540 Naevii
1603 497 1711 541 illud
1749 498 1865 556 apud
1900 500 2030 543 Prisc.
2067 500 2159 554 (ed.
2188 499 2338 548 Krehl.

187 562 615 614 1.V1.2,11)»Ut
641 562 767 605 illam
794 560 868 606 Dii
896 570 1064 606 terant:
1102 563 1180 606 ubi
1208 577 1323 606 nunc
1339 564 1508 618 ferant
1535 565 1710 622 legitur,
1749 566 1884 623 quod·
1898 573 2039 611 tamen
2069 568 2340 619 vehementer

187 629 403 687 displicet;
429 636 478 671 ut
505 632 653 686 paucis
683 630 838 681 dicam,
868 633 1182 674 cilcumterere
1209 632 1310 680 mihi
1339 634 1515 675 nimium
1538 633 1727 677 videtur.-
1755 633 1948 691 Scaliger
1977 636 2228 692 excogitavit
2255 636 2340 684 eir-

189 703 358 741 cum-stt
359 699 469 755 epit3
497 710 589 739 non
615 696 738 740 male.
786 696 952 740 Verum
984 704 1098 740 esto:
1129 700 1367 742 retineatur
1394 701 1517 751 terit,
1546 701 1666 757 quod
1694 700 1791 758 plus
1819 701 1979 754 valeat,
2009 716 2135 758 quam
2161 696 2341 759 premit,

188 771 343 823 urget,
381 764 513 807 modo
541 766 787 821 seiungatur
816 767 1003 818 circam,
1043 758 1103 808 ita
1139 773 1188 810 ut
1224 769 1278 810 sit
1314 760 1577 812 adverbium.
1607 794 1662 803 —
1717 782 1760 815 v.
1789 769 1857 812 98.
1918 769 2038 826 Quid
2066 783 2224 815 messes
2251 770 2341 820 uris

188 855 243 865 —
271 839 377 874 tuas.
434 831 556 895 Iuvat
594 846 813 890 apponere
851 832 986 875 verba
1024 834 1175 878 Ovidii
1201 836 1322 890 (Am.
1343 835 1395 879 11.
1417 836 1463 889 9,
1486 836 1553 890 5)
1614 835 1723 880 Cur
1743 844 1835 880 tua
1857 836 1926 879 fax
1962 839 2070 888 urit3
2108 836 2203 894 figit
2229 842 2340 886 tuus

187 914 311 942 arcus
342 891 511 942 amicos.
557 948 559 950 ,

273 966 634 1023 Eleg.111.v.2.
696 966 733 1011 O
770 970 939 1012 utinam
979 984 1148 1014 memor
1149 958 1205 1031 εἰ
1263 955 1399 1014 Nulla
1443 978 1508 1014 est
1545 970 1716 1028 ellipsis.
1773 971 1894 1014 Haec
1931 971 2160 1014 arctissime
2195 949 2341 1018 iuncta

185 1041 306 1078 sunt:
335 1034 450 1078 ibitis
572 1037 656 1078 mei
684 1050 894 1079 memores
925 1043 974 1080 tu
1001 1038 1113 1093 ipse,
1152 1037 1360 1090 Messala,
1400 1044 1442 1081 et
1469 1038 1623 1081 cohors
1653 1044 1738 1080 tua.
1795 1038 1875 1081 Vis
1907 1037 2140 1093 particulae
2170 1039 2341 1082 utinam

188 1109 280 1146 tota
309 1108 408 1159 apta
438 1108 482 1146 et
510 1117 719 1159 suspensa
750 1109 814 1145 est
843 1117 894 1146 ex
921 1117 1030 1146 voce
1059 1117 1289 1147 memor-‚es
1350 1104 1441 1148 Cic.
1462 1105 1518 1154 ad
1538 1105 1634 1148 fam.
1654 1105 1746 1147 XII.
1767 1104 1842 1157 25,
1865 1104 1932 1147 13.
1963 1103 2116 1147 domus
2145 1118 2342 1162 operam,

187 1176 237 1213 ut
276 1185 430 1213 navem
468 1177 624 1213 rectam
662 1177 901 1222 teneamus,
945 1173 1107 1213 utinam
1142 1185 1356 1228 prospero
1390 1167 1610 1221 suecessu;
1655 1185 1781 1227 quem
1818 1169 1978 1218 locum
1996 1173 2080 1213 iam
2104 1171 2342 1226 Βὶεεειιίιιξ

186 1237 392 1284 laudavit.
428 1263 483 1272 ·-
540 1252 579 1279 v.
612 1238 650 1279 7.
707 1238 759 1279 Ιιι
795 1236 931 1279 verbo
972 1235 1111 1280 dedat
1145 1238 1397 1294 significatio
1435 1245 1499 1281 est
1535 1240 1703 1295 pietatis
1742 1236 1813 1280 vel
1850 1226 2026 1280 amoris:
2066 1238 2192 1280 huius
2229 1239 2341 1281 enim

190 1312 276 1357 est,
302 1305 489 1362 benigne
514 1311 557 1347 et
585 1304 743 1361 largius
773 1303 895 1346 dare.
926 1310 1056 1360 atque
1086 1304 1166 1346 hae
1194 1299 1372 1347 inferiae
1399 1311 1498 1347 sunt
1526 1303 1656 1360 γέρας
1683 1303 1929 1353 aavdwwv.
1960 1327 2015 1334 —
2065 1318 2104 1346 v.
2133 1304 2173 1347 9.
2209 1303 2341 1351 Delia

186 1388 282 1417 7ιοη
311 1387 510 1431 usquam.
569 1371 755 1427 Vulgata
785 1386 879 1414 non
914 1385 1102 1429 usquam
1138 1377 1207 1414 est
1245 1371 1384 1414 elevat
1416 1378 1697 1423 momentum,
1736 1371 1855 1428 quod
1881 1372 2068 1428 positum
2098 1377 2163 1414 est
2189 1372 2236 1413 in
2257 1384 2342 1426 no·

187 1443 302 1484 mine
329 1440 496 1482 Deliae.
554 1439 704 1495 Longe
738 1437 863 1480 aliter
890 1452 961 1480 res
990 1453 1036 1480 se
1063 1437 1258 1491 haberet,
1295 1442 1332 1482 si
1359 1438 1568 1496 particula
1597 1440 1794 1496 negativa
1824 1441 1869 1481 in
1897 1439 1981 1493 hoc
2009 1452 2185 1496 quoque
2212 1453 2343 1483 versu

186 1509 380 1565 primum·>
398 1506 540 1549 locum
569 1511 757 1556 teneret,
787 1512 834 1548 ut
863 1506 899 1547 si
927 1507 1129 1561 scriptum
1160 1513 1293 1550 esset:
1323 1521 1412 1549 non
1439 1514 1573 1549 mater
1601 1506 1669 1549 hic
1698 1513 1779 1557 est,
1808 1519 1899 1549 non
1927 1520 2074 1557 soror,
2098 1519 2191 1549 non
2211 1505 2341 1563 Delia

187 1588 380 1631 usquam.
438 1573 524 1615 Pro
556 1587 656 1616 cum
684 1573 837 1614 Dousa
867 1585 918 1614 ex
947 1575 1194 1615 coniectura
1225 1572 1347 1616 dedit
1375 1589 1528 1632 quam:
1567 1580 1611 1615 at
1639 1587 1740 1616 cum
1767 1579 1831 1615 est
1864 1587 1946 1628 zur
1974 1574 2076 1615 Zeit
2105 1573 2176 1631 als
2213 1580 2256 1617 ct
2284 1587 2343 1633 ¹ex

188 1646 397 1698 sequente
430 1653 539 1682 voce
574 1645 681 1681 ante
716 1638 926 1692 (vorher)
962 1640 1228 1697 intelligitur,
1265 1640 1311 1684 id
1342 1641 1566 1693 accidisse,
1604 1648 1829 1697 antequam
1865 1655 1914 1683 ex
1949 1640 2059 1684 urbe
2090 1643 2339 1694 mitteretur.

192 1710 298 1768 Quo
327 1711 457 1765 igitur
484 1708 636 1751 Dousa
667 1722 766 1750 cum
794 1709 998 1751 mutavit?
1040 1709 1160 1750 Haec
1190 1707 1428 1761 emendatio
1458 1707 1577 1751 nulla
1607 1714 1681 1750 est.
1711 1732 1767 1741 -
1822 1722 1868 1751 V.
1888 1707 1955 1751 13.
1997 1707 2186 1752 Reditus
2215 1723 2240 1751 a
2269 1709 2342 1752 Ti-

189 1777 312 1821 bullo
341 1778 527 1834 positum
557 1778 616 1817 ait
642 1774 986 1826 Brouckhusius,
1023 1774 1143 1831 quod
1172 1782 1329 1830 poetae
1357 1774 1515 1831 plurali
1550 1776 1676 1818 huius
1714 1778 1832 1819 vocis
1868 1779 1931 1833 uti
1966 1776 2165 1819 solerent.
2220 1777 2343 1831 Haec

193 1847 414 1888 annotatio
447 1842 675 1890 nihiliest.
732 1843 894 1884 Verum
923 1841 1032 1885 vidit
1057 1842 1302 1886 Dissenius:
1341 1843 1526 1886 reditum
1554 1842 1828 1900 spondebant
1865 1850 1908 1887 et
1941 1843 2021 1896 dii,
2047 1858 2166 1900 *quos
2195 1843 2367 1901 puella*

192 1910 470 1962 consulebat,
509 1915 551 1951 et
578 1914 715 1951 sortes
744 1921 997 1965 puerorum,
1036 1914 1253 1964 quotquot
1283 1908 1433 1951 eadem
1464 1909 1637 1953 domum
1665 1910 1831 1962 retulit;
1871 1911 1941 1953 hic
1967 1913 2095 1968 igitur
2122 1913 2344 1960 totiesre-

191 1980 411 2022 nuntiatus
447 1975 609 2019 reditus
645 1974 786 2018 induit
820 1974 1008 2031 plurium
1039 1975 1302 2018 reditionum
1337 1978 1522 2032 speciem
1559 2002 1612 2009 -
1651 1976 1879 2021 deterrere
1912 1980 1993 2021 viri
2029 1978 2148 2022 docti
2185 1978 2344 2034 docent

191 2058 502 2102 nonnunquam
540 2044 646 2100 poni
684 2056 764 2099 pro
804 2040 1057 2094 dehortari,
1095 2041 1376 2095 dissuadere,
1415 2044 1608 2102 aliquem
1635 2045 1884 2088 rationibus
1919 2043 2165 2097 adducere,
2204 2053 2273 2099 ut
2283 2062 2343 2090 ne

195 2112 303 2172 quid
319 2113 486 2167 saciat.
530 2112 588 2153 At
617 2124 873 2167 quamquam
902 2108 1017 2165 apud
1050 2109 1304 2153 Ciceronem
1332 2111 1438 2152 haec
1465 2125 1549 2153 vox
1576 2111 1722 2154 verbis
1750 2111 1891 2155 cohor
1893 2114 1982 2163 tari
2008 2111 2080 2154 vel
2108 2111 2344 2167 adhortari

197 2183 398 2239 opposita
431 2180 662 2235 reperitur,
696 2191 786 2220 non
816 2179 1022 2220 continuo
1051 2183 1193 2219 tamen
1221 2179 1266 2220 in
1293 2177 1647 2234 significationem
1674 2179 1739 2221 his
1768 2181 2021 2230 contrariam
2050 2179 2344 2237 detorquenda

197 2257 273 2294 est.
329 2249 446 2292 Nam
474 2249 537 2289 vis
566 2245 810 2297 avocandi,
850 2259 976 2302 quam
1004 2244 1141 2287 verbo
1180 2243 1408 2288 deterrere
1444 2246 1621 2290 subesse
1658 2245 1831 2299 volunt,
1868 2260 1958 2289 non
1995 2253 2060 2289 est
2093 2249 2138 2290 in
2174 2253 2343 2291 terrere

197 2317 278 2361 sed
314 2318 360 2360 in
395 2316 717 2373 praepositione
755 2312 831 2365 de,
875 2327 1056 2370 quacum
1095 2315 1375 2370 compositum
1405 2321 1480 2357 est.
1537 2315 1680 2371 ipsum
1709 2313 1888 2356 verbum
1917 2321 2088 2364 terrere
2115 2313 2229 2358 valet
2256 2315 2347 2358 ani-

197 2400 312 2429 mum
338 2384 630 2426 vehementius
663 2388 908 2439 percutere:
948 2380 1068 2437 quod
1096 2394 1187 2423 non
1217 2382 1338 2423 minis
1376 2381 1526 2432 modo,
1563 2380 1642 2434 sed
1677 2383 1869 2426 novitate
1893 2384 2032 2438 retiam
2067 2381 2246 2424 alicuius
2281 2386 2344 2439 rei

199 2459 273 2502 aut
303 2450 511 2507 religione
544 2442 615 2492 vel
650 2451 780 2492 nimia
814 2446 998 2506 quadam
1036 2450 1291 2491 auctoritate
1322 2448 1420 2491 fieri
1455 2456 1616 2506 potest:
1657 2439 1894 2492 deterrere
1914 2451 2042 2505 igitur
2069 2454 2133 2491 est
2162 2451 2344 2502 animum

198 2522 260 2564 ita
288 2517 546 2577 percellere,
574 2523 623 2559 ut
651 2532 676 2559 a
704 2531 752 2559 re
781 2515 976 2559 facienda
1006 2518 1128 2572 quasi
1157 2522 1416 2559 amoveatur.
1472 2516 1566 2559 Nos
1598 2515 1849 2572 plerumque
1886 2514 2114 2558 deterrere
2145 2515 2345 2559 vertimus

200 2583 520 2631 abschrecken:
566 2583 686 2640 quod
720 2583 861 2626 multis
899 2583 1070 2640 quidem
1108 2582 1215 2626 locis
1253 2583 1456 2640 quadrat,
1494 2582 1571 2626 sed
1605 2585 1690 2626 vim
1718 2583 1844 2625 huius
1873 2582 1996 2625 verbi
2026 2596 2116 2625 non
2145 2581 2345 2626 exhaurit.

201 2657 301 2698 Hoc
327 2653 427 2697 loco
458 2667 553 2695 cum
582 2651 755 2695 delectu
783 2659 847 2695 est
874 2653 1082 2709 positum:
1116 2652 1232 2694 Nam
1259 2650 1488 2694 muliebres
1516 2653 1644 2694 animi
1670 2650 2042 2708 superstitionibus
2068 2650 2200 2694 dediti
2227 2658 2345 2695 sunt:

201 2725 270 2774 ἱιι,
277 2723 358 2765 hac
386 2720 531 2778 puella
560 2722 715 2763 amoris
745 2726 888 2762 aestus
913 2721 1016 2761 vicit
1041 2718 1145 2761 relic
1121 2721 1303 2775 gionem.
1347 2719 1430 2761 Hic
1455 2725 1519 2761 est
1543 2726 1685 2762 terror
1710 2718 1805 2770 ille,
1835 2717 1923 2775 qu'o
1952 2724 2201 2761 commotam
2229 2718 2349 2776 puel-

167 2790 169 2792 ’
202 2791 287 2835 lam
324 2790 519 2846 oportuit
552 2802 636 2830 nec
669 2788 775 2831 flere
811 2801 893 2830 nec
929 2788 1154 2843 respicere.
1219 2786 1458 2828 Pertinacia
1493 2793 1633 2829 autem
1669 2786 1821 2830 Deliae
1854 2786 2067 2830 indicatur
2103 2799 2212 2828 voce
2244 2801 2349 2830 nus—

205 2871 358 2917 quam,
387 2863 436 2899 ut
460 2863 578 2898 recte
605 2857 770 2898 monuit
788 2855 1024 2898 Disseuius.
1053 2877 1111 2884 ——
1153 2868 1193 2897 v.
1215 2854 1282 2896 15.
1311 2853 1413 2911 Ipse
1438 2867 1526 2911 ego
1555 2878 1608 2887 —
1639 2867 1738 2896 cum
1766 2851 1981 2895 mandata
2008 2845 2245 2895 dedissem.
2274 2866 2350 2896 eo·-

149 2936 152 2942 “
208 2926 308 2970 dem
327 2921 459 2968 modo
482 2922 688 2977 Ovidius,
717 2921 794 2965 sed
821 2924 866 2966 in
895 2920 979 2964 alia
1004 2934 1173 2973 caussa,
1203 2921 1331 2964 Trist.
1347 2921 1378 2963 Ι.
1393 2920 1441 2974 3,
1457 2921 1525 2964 59.
1545 2920 1615 2964 hic
1636 2922 1758 2964 etiam
1779 2920 1986 2977 apertius,
2011 2917 2131 2975 quod
2152 2918 2349 2962 Tibullus
