2462 3112
160 224 792 292 *hut-rhalisvdimius
811 254 834 275 ‚‚
859 223 974 266 haud
1010 221 1141 266 dubie
1168 221 1341 267 ditioris
1357 255 1367 272 ,
1405 219 1587 264 tabellas
1621 219 1737 263 ultro
1766 215 2315 276 citroque12·ferat,-ipsuh

163 295 779 349 “fl-„mubifitdutiueatsac
805 292 926 342 ludat
953 293 1076 334 vanis
1110 296 1153 333 et
1175 288 1392 334 tinnitibus.
1442 289 1502 332 lnv
1524 290 1737 344 encenptis
1762 288 1923 329 Peri-eii
1954 293 1997 330 et
2024 285 2184 329 P-occhi
2211 285 2316 342 legi-

163 365 769 415 manutenendam-um
798 363 955 418 recipi,
993 359 1111 417 quod
1141 357 1361 400 Huschkio
1400 356 1634 413 probatur..
1665 356 1728 398 At
1753 354 1818 397 de
1847 355 1926 396 hac
1959 369 2007 397 re
2039 361 2171 411 pocta
2202 353 2317 397 infra

161 421 475 496 ‹put-‚testa
505 433 658 474 Locus
693 430 946 486 depravatus
985 435 1072 475 est;
1123 429 1279 469 erroris
1309 425 1437 468 sedes
1470 433 1533 467 est
1559 427 1604 467 in
1634 438 1742 466 voce
1767 422 1925 481 phirne
1952 422 2023 464 vel
2050 422 2196 466 bime:
2219 422 2317 469 ⁴fon·-

162 503 525 557 tfflpmti'nmffin
561 501 750 556 proxima
791 497 860 540 illa
890 503 1012 539 vetat
1041 498 1247 538 miserum
1271 495 1402 536 >error
1429 495 1592 536 invasit.
1651 491 1865 548 Equidem
1899 490 2077 534 multum
2110 492 2316 548 temporie

161 570 487 628 ‘'cstigando-3
525 567 797 610 coniioiendo
819 566 1040 608 consumsi
1067 563 1136 605 vel
1165 564 1308 620 potius
1337 560 1535 618 perdidi:
1571 561 1687 602 varie
1723 560 1866 602 locum
1906 561 2089 602 tentavit
2123 559 2202 602 sed
2233 573 2317 603 me*-

163 640 412 699 «pidqunm.
459 634 727 692 Aliquando,
766 634 866 677 dum
896 635 1070 689 vestigia
1098 634 1335 687 scripturae
1365 630 1614 686 premo,·in
1642 635 1822 670 mentem
1850 630 1996 671 venit:
2036 629 2154 671 Lena
2191 635 2316 671 vetus

161 711 362 753 &uum
381 703 594 763 prohibet
625 703 852 758 furtimque
881 701 1060 744 tabellas
1089 707 1168 742 cet.
1215 700 1271 741 At
1298 697 1471 740 videant
1500 699 1742 753 peritiores.

218 772 534 819 1-.l‚m..1,V.·-C..
566 772 604 814 l.
634 787 674 813 v.
698 772 721 812 l
747 786 814 826 sq.
854 770 916 812 Te
935 769 1136 812 ,Messala
1168 782 1346 817 canam,
1377 771 1641 824 quamquam
1670 780 1740 807 me
1770 767 1953 822 cognita
1981 766 2125 807 virt-us
2147 764 2316 808 Terret.

163 843 631 898 Vofietasvscripturae
668 840 772 882 haec
809 848 884 882 est.
921 841 967 882 in
997 838 1089 881 aliis
1119 836 1241 879 libris
1275 835 1429 891 legitur
1457 849 1550 885 me,
1589 837 1633 876 in
1663 834 1755 876 aliis
1785 848 1912 884 mea,
1947 835 1992 875 in
2027 835 2174 889 paucis
2210 846 2316 876 vero

166 914 404 959 uua-*Pro
427 912 612 968 cognita
642 917 779 951 autem
810 911 854 950 in
884 909 1030 964 paucis
1058 905 1178 948 libris
1207 902 1352 947 vivida
1383 905 1607 960 reperitur.
1656 903 1717 944 Ex
1758 903 2002 943 coniectura
2034 901 2153 943 dedit
2182 901 2319 944 Lach-

165 985 348 1026 *munus
378 995 447 1023 me
476 985 534 1021 et.
591 977 738 1020 Verba
772 976 833 1019 Te.
860 975 1064 1019 Messala
1101 989 1261 1018 canam
1296 980 1450 1029 sponte
1481 974 1523 1014 in
1551 979 1735 1014 mentem
1773 972 2215 1012 revocantnotissima
2242 970 2320 1013 illa

133 1049 365 1107 ”vicugiliit
388 1061 521 1099 nane.
537 1053 602 1097 te,
630 1044 825 1095 Bacche,
856 1059 1024 1087 canam.
1066 1042 1290 1085 Virtutem
1317 1040 1512 1083 nonnulli
1541 1039 1847 1082 intellexerunt
1881 1040 2107 1096 ingenium
2135 1045 2318 1096 poetae:

166 1132 280 1177 apos
307 1115 704 1172 imeweprehendit
728 1113 985 1155 Huschkius.
1016 1112 1133 1154 Idem
1163 1119 1277 1154 recte
1309 1109 1531 1166 explicavit
1557 1111 1638 1152 vim
1671 1111 1787 1150 vocis
1818 1109 2027 1165 cognita,
2055 1107 2133 1150 sed
2160 1106 2318 1163 quibus

165 1187 275 1231 luds
294 1185 347 1229 ·id
368 1183 605 1241 probat-um
626 1182 782 1232 voluit,
812 1184 862 1223 iis
891 1180 995 1222 nihil
1025 1179 1156 1230 effici,
1186 1181 1386 1234 quisque,
1417 1180 1491 1233 qui
1516 1177 1588 1219 vel
1609 1176 1740 1218 semel
1763 1183 1847 1218 eos'
1867 1177 2114 1231 inspexerit,
2144 1174 2319 1219 videbit.

165 1253 707 1308 Desideraturpraeterea
734 1263 974 1306 pronomen
1004 1256 1104 1291 tua:
1141 1247 1260 1304 quod
1287 1250 1322 1289 si
1353 1254 1466 1289 esset
1497 1246 1705 1296 additum,
1745 1260 1834 1287 non
1865 1244 1996 1295 foret,
2028 1259 2105 1286 cur
2135 1246 2319 1302 cognita

164 1318 830 1380 dbfllioevettssedeiiciendum
865 1325 974 1360 esset
1003 1332 1098 1359 me:
1137 1315 1255 1372 quod
1294 1330 1381 1357 non
1411 1317 1549 1356 minus
1588 1313 1902 1356 incommodum
1932 1320 2006 1354 est.
2063 1312 2320 1355 Lachmanni

165 1391 416 1436 cambitum
442 1392 600 1431 vereor
629 1396 681 1430 ut·
703 1387 826 1430 locus
858 1394 1041 1428 sanetur.
1091 1386 1264 1441 Heynio
1290 1382 1449 1425 nollem
1479 1381 1699 1438 probatam
1730 1384 1981 1437 scripturam
2000 1379 2176 1431 ῑυίυὶᾱα,
2206 1394 2319 1436 quae

166 1459 589 1504 nubis2floratiauis
625 1454 770 1498 vivido
810 1458 974 1512 impetu
1003 1454 1162 1496 firmari
1190 1454 1362 1509 nequit:
1404 1450 1545 1493 differt
1576 1453 1683 1493 enim
1711 1458 1801 1492 tota
1834 1452 2055 1505 utriusque
2084 1449 2169 1500 loci
2197 1451 2319 1491 ratio.

167 1530 338 1573 Iit-ista
368 1540 484 1569 nunc
511 1524 737 1580 leguntur,
773 1526 911 1566 oratio
941 1523 1140 1578 impedita
1174 1529 1235 1564 est
1273 1529 1314 1563 et
1352 1524 1511 1572 tirone,
1549 1535 1674 1576 quam
1704 1518 1879 1561 Tibullo
1911 1517 2091 1575 dignior.
2130 1519 2187 1560 At
2214 1531 2319 1560 vero

167 1596 371 1641 Tibullus
392 1602 491 1643 ‚tum
515 1595 600 1635 tiro
632 1593 710 1634 suit
736 1595 779 1634 in
810 1594 930 1648 poesi
961 1591 1087 1644 (vide
1121 1589 1287 1646 Grnpp.
1315 1589 1410 1631 libr.
1442 1589 1495 1631 de
1524 1590 1634 1639 Rom
1667 1588 1802 1643 eleg).
1850 1587 1976 1628 Esto:
2005 1585 2187 1629 desuerit
2215 1585 2322 1629 ado—

167 1662 535 1708 lescentulo-fars:
572 1669 722 1703 natura
764 1661 947 1702 certeei
975 1673 1064 1701 uon
1092 1658 1238 1701 defuit.
1293 1659 1436 1713 Atque
1474 1660 1517 1699 in
1553 1660 1647 1713 ipso
1684 1658 1884 1698 tirocinio
1923 1658 1983 1696 vis
2018 1656 2203 1710 ingenii,
2242 1654 2321 1697 ubi

166 1730 594 1789 viget.·÷no11<potest
620 1742 707 1771 non
741 1728 923 1770 elucere.
978 1727 1214 1769 Videamus
1250 1740 1366 1768 nunc
1403 1725 1458 1767 de
1493 1725 1628 1767 altero
1659 1739 1810 1766 versu:
1842 1730 2000 1774 terret,
2038 1730 2088 1765 ut
2115 1723 2321 1778 infirmae

167 1798 661 1858 nequednb‘vubeinstissre
688 1799 817 1839 vires.
849 1795 1033 1852 Vulgata
1065 1804 1128 1838 est
1151 1794 1350 1845 valeant,
1381 1797 1450 1836 cui
1480 1793 1674 1849 plerique
1704 1794 1782 1834 viri
1812 1792 1928 1834 docti
1958 1792 2173 1848 suffragati
2202 1799 2320 1835 sunt:

169 1866 813 1926 quimssuschkiusmequeant,
843 1879 953 1920 quae
985 1872 1046 1907 est
1069 1864 1290 1907 Cuiaciani
1318 1862 1592 1917 aliorumque.
1604 1859 1878 1917 quorundam
1907 1859 2112 1902 librorum
2143 1863 2321 1917 scriptu·

169 1949 414 1988 προκοπαὶ
438 1942 579 1977 natam
599 1935 815 1976 existimat.
847 1933 987 1988 Quam
1009 1935 1258 1988 scripturam
1288 1932 1322 1972 si
1349 1944 1516 1980 serves,
1549 1931 1892 1972 coniunctionem
1924 1935 1972 1971 ut
2003 1928 2203 1984 explicari
2231 1942 2321 1972 non

169 2010 301 2062 posse
329 2002 446 2046 adeo
464 2002 547 2045 .vel
574 2004 639 2044 ita
669 2008 717 2043 ut
747 2008 935 2057 apparet.
979 2001 1128 2056 ltaque
1151 2000 1442 2042 Laclnnannus
1473 1999 1620 2050 docet,
1651 2005 1700 2041 ut
1731 2001 1814 2040 vim
1847 2002 2132 2041 concessivam
2163 1998 2323 2041 habere

170 2069 651 2128 utacum-sequentibus
672 2069 814 2111 verbis
841 2071 1044 2127 incipiam
1066 2076 1213 2111 tamen
1241 2081 1334 2110 esse
1365 2067 1661 2123 copulandam.
1699 2068 1754 2109 At
1782 2075 1898 2109 recte
1929 2070 2054 2110 sentit
2076 2068 2320 2118 Dissenius,

168 2140 733 2195 hdo-modogrammaticae
770 2139 924 2179 rationi
954 2137 1126 2187 melius,
1166 2151 1289 2192 quam
1320 2138 1539 2191 scriptoris
1570 2135 1821 2192 prudentiae
1853 2135 2029 2178 consuli.
2086 2137 2151 2178 Ac
2179 2138 2322 2178 mirari

168 2208 407 2260 onnetlicet
445 2210 566 2250 istius
595 2207 783 2249 ‹hominis
820 2207 1118 2262 pertinaciam,
1156 2219 1266 2260 quae
1302 2204 1356 2247 ab
1395 2204 1576 2247 aliorum
1606 2212 1828 2261 poetarum
1859 2204 2063 2260 elegantia
2094 2203 2321 2260 plurimum

171 2277 438 2331 disteeQui
459 2279 501 2319 si
532 2275 706 2331 quando
738 2275 836 2316 fassi
865 2281 983 2323 sunt,
1024 2273 1076 2315 ad
1106 2273 1254 2315 laudes
1284 2273 1460 2315 alicuius
1490 2272 1769 2315 celebrandas
1799 2274 2011 2328 ingenium
2040 2271 2121 2314 sibi
2151 2271 2322 2323 deesse,

169 2346 227 2390 ad
247 2345 365 2387 lianc
394 2357 599 2387 rem'non
631 2343 959 2399 aggrediuntur,
997 2345 1076 2384 nisi
1106 2342 1308 2398 praefati,
1345 2357 1391 2384 se
1428 2341 1472 2384 id
1512 2342 1678 2391 facere,
1709 2355 1792 2391 ne,
1829 2355 1924 2382 cum
1955 2355 2057 2382 suae
2087 2341 2320 2384 modestiae

169 2413 429 2467 consulant„
465 2414 635 2467 pietatis
670 2412 860 2453 officium
902 2410 1112 2453 deserant.
1161 2410 1354 2460 Deinde,
1386 2425 1495 2466 quae
1524 2418 1587 2452 est
1615 2409 1845 2452 verborum
1874 2412 2090 2460 iunctura,
2117 2425 2165 2452 ea
2196 2408 2319 2451 facile

170 2483 276 2539 quim
298 2480 443 2523 induci
472 2487 633 2536 potest,
670 2487 716 2522 ut
746 2487 889 2535 putet,
929 2486 977 2522 nt
1005 2478 1194 2534 pendere
1226 2493 1274 2521 ex
1303 2478 1438 2521 verbo
1470 2484 1620 2521 tert-et.
1664 2480 1720 2522 At
1750 2481 1786 2520 si
1814 2477 1968 2533 legitur
1994 2478 2192 2527 valeant,
2222 2491 2320 2520 sen·

170 2552 304 2595 tanin
333 2548 459 2605 plana
483 2555 567 2601 est.
598 2554 745 2590 terret
774 2550 886 2589 enim
918 2555 1040 2590 sonat
1068 2554 1231 2590 metum
1260 2549 1397 2590 iniicit
1426 2549 1514 2589 sive
1542 2546 1706 2601 efficit,
1737 2553 1786 2589 ut
1815 2545 1973 2603 aliquis
2002 2552 2181 2588 metuat.
2210 2545 2321 2588 For·

170 2623 544 2674 uue==.nequeant
574 2623 712 2658 ortum
747 2624 808 2658 est
831 2615 973 2671 glossa
1010 2617 1284 2671 grammatici,
1323 2618 1420 2671 qui,
1451 2623 1498 2658 ut
1527 2616 1724 2666 doceret,
1766 2629 1890 2670 quam
1921 2616 2004 2655 vim
2034 2613 2240 2670 particula
2269 2619 2321 2656 ut

172 2684 431 2743 post-verba
460 2683 641 2727 timendi
671 2683 874 2734 haberet,
919 2686 962 2726 in
990 2687 1174 2740 margine
1204 2686 1432 2740 scripserat
1466 2690 1516 2726 ut
1550 2683 1732 2726 valeant
1765 2685 1791 2725 i.
1820 2699 1857 2725 e.
1890 2688 2124 2739 nequeant.
2185 2680 2320 2736 Quic-

170 2753 383 2811 quidest,
407 2753 591 2795 valeant
612 2767 850 2809 germanam
880 2755 1126 2809 scripturam
1158 2766 1250 2796 esse
1274 2753 1670 2801 existima-terret,
1700 2758 1750 2793 ut
1775 2750 1980 2805 infirmae
2007 2749 2189 2792 valeant
2215 2748 2320 2792 sub*

170 2825 332 2866 sartam
367 2822 484 2863 vires
522 2822 721 2863 universe
759 2821 930 2878 quidem
967 2820 1123 2863 dictum
1162 2828 1294 2877 puto,
1330 2828 1379 2862 ut
1417 2819 1566 2876 paullo
1604 2819 1711 2861 infra
1738 2820 1939 2863 carmina
1967 2817 2205 2871 deficiant:
2240 2817 2320 2862 Sed

172 2890 441 2932 mnifiestum
470 2895 556 2938 est,
576 2896 760 2944 -poetam
789 2892 834 2932 in
864 2891 927 2931 his
956 2888 1131 2930 infirmis
1160 2888 1321 2930 viribus
1350 2903 1448 2930 suas
1470 2902 1712 2930 numerare.
1743 2910 1795 2921 --
1825 2902 1892 2928 νν.
1922 2886 1950 2927 3
1989 2901 2051 2942 sq.
2088 2900 2116 2928 a
2153 2888 2321 2930 meritis

169 2961 212 3002 .ςί
229 2959 443 3002 earmina
472 2954 657 3007 laudes,
694 2956 929 3010 deficiant.-
965 2955 1141 3000 humilis
1169 2959 1306 2999 tantis
1333 2959 1415 2999 sim
1443 2955 1652 2999 conditor
1681 2958 1814 2998 actis.-
1849 2969 1930 2997 nec
1960 2961 2039 2997 tua
2065 2961 2248 3013 praeter·
2273 2959 2320 2999 to
