2462 3112
1146 75 1276 131 xvu

121 208 260 258 simili
281 208 569 258 modaovid.
590 207 641 251 Α.
662 206 789 252 A.11.
809 206 928 260 218„
961 221 1088 265 quem
1116 207 1261 250 locum
1290 203 1539 250 Huschkius
1568 202 1780 253 laudavit;
1811 203 1886 261 qui
1914 205 2076 247 meruit
2104 202 2297 256 caelum,
2336 270 2339 273 μ

121 279 250 341 quod
272 281 403 340 prior
429 280 524 336 ipse
552 276 668 320 tulit.
728 275 880 319 Senec.
904 276 1066 319 Troad.
1092 277 1209 318 719.2
1240 275 1365 318 Vidit
1391 275 1527 332 pueri
1550 275 1661 330 regis
1690 272 1883 315 lacrimas
1911 272 1970 316 Et
2001 274 2137 330 Troja
2165 275 2298 330 prior.

121 351 213 394 Res
236 336 283 393 et
309 349 542 392 animantes
572 346 829 403 plerumque
858 347 973 388 inter
1009 360 1056 388 se
1094 351 1236 388 aetate
1274 359 1325 386 ac
1360 341 1627 400 temporibus
1665 349 1986 399 comparantur:
2027 341 2179 399 quidni
2213 343 2300 385 vita

119 416 313 462 eiusdem
350 418 417 460 rei
452 422 496 459 et
533 415 758 457 animantis
796 415 885 456 suis
925 412 1134 456 aetatibus
1165 413 1366 469 distingui
1396 411 1561 468 possit?
1618 411 1770 454 Paullo
1799 411 2055 455 insolentius
2085 412 2169 454 hoc
2197 410 2298 454 loco

114 486 282 531 dictum
320 499 414 533 esse
445 485 576 543 prior
604 497 734 526 nemo
764 484 1007 539 negaverit:
1047 488 1110 524 est
1138 488 1280 524 tamen
1309 483 1367 523 ita
1398 480 1576 532 dictum,
1614 486 1663 522 ut
1693 481 1885 535 quamvis
1912 486 2061 523 nostra
2089 479 2301 536 loquendi

121 552 393 598 consuetudo
432 550 692 603 reluctetur,
730 564 870 593 sermo
909 557 1117 601 veterum,
1158 550 1408 605 praesertim
1437 551 1603 604 poesis,
1642 548 1753 590 hanc
1781 547 2055 591 insolentiam
2086 548 2207 591 ferat.
2245 570 2299 581 —

120 636 161 666 v.
190 621 260 664 43.
319 621 528 677 Quamvis
557 626 811 677 praetexens
841 620 963 675 picea
992 618 1210 674 ferrugine
1247 616 1411 659 caelum
1441 617 1684 660 Venturam
1722 616 1916 659 admittat
1949 616 2140 659 imbrifer
2176 631 2300 660 arcus

119 702 289 748 uquam.
328 689 470 732 Arcus
498 687 711 738 imbrifer,
742 702 869 744 quem
890 687 1062 729 Lucret.
1083 687 1160 729 VI.
1182 686 1279 728 523.
1306 684 1497 727 nubibus
1529 687 1587 726 ait
1619 686 1799 727 existere
1830 687 1978 741 nigris,
2011 685 2126 742 apud
2148 684 2301 728 Tibul-

119 756 212 801 lm
240 759 458 814 'praetexit
494 756 663 799 coelum
703 758 824 812 picea
861 755 1077 811 ferrugine
1113 757 1203 797 sive
1241 755 1376 810 piceis
1414 752 1604 795 nubibus
1639 753 1719 806 (cf.
1744 753 1875 796 Ovid.
1898 749 2071 796 Metam.
2092 753 2300 807 §11:548)

111 833 170 870 et
191 833 419 869 venturam
445 839 601 881 aquam
631 826 722 867 sive
752 823 940 881 pluviam
971 823 1164 866 admittit.
1225 823 1447 878 Quoniam
1481 835 1605 863 arcus
1641 823 1687 863 in
1722 823 1851 877 signis
1885 829 2095 864 venturae
2131 821 2302 879 pluviae

120 900 373 938 numeratur
402 893 545 948 (conf.
561 894 682 950 Virg.
698 891 860 949 Georg.
882 892 912 935 Ι.
935 892 1033 936 380.
1073 892 1224 935 Senec.
1239 893 1339 934 Nat.
1358 890 1535 947 Quaest.
1556 890 1583 933 l.
1602 891 1631 933 Ι.
1653 906 1717 947 cp.
1735 891 1789 944 6)
1820 892 2099 948 iunctumque
2129 897 2192 934 est
2221 890 2303 935 ad-

121 965 272 1008 mittat
300 967 397 1005 cum
422 976 532 1004 voce
559 968 817 1013 venturam,
846 960 1046 1003 nonnulli
1074 963 1331 1017 interpretes
1362 974 1415 1003 eo
1447 959 1611 1016 delapsi
1633 965 1751 1010 sunt,
1781 965 1831 1001 ut
1851 958 2060 1011 dicerent,
2091 958 2303 1003 admittat

122 1029 367 1090 significare
397 1028 648 1088 portendat
678 1043 758 1071 seu
783 1031 1083 1087 praenuntiet.
1142 1030 1242 1072 Hoc
1271 1043 1428 1071 vanum
1459 1034 1744 1071 commentum
1773 1027 1943 1084 pridem
1972 1027 2196 1085 explosum
2227 1035 2302 1072 est.

121 1098 384 1144 Admittam
413 1099 525 1141 enim
552 1096 666 1139 valet
691 1096 987 1150 hinzulassen‚
1025 1097 1240 1150 zulassen,
1278 1097 1527 1140 freilassen:
1564 1098 1695 1152 igitur
1722 1100 1976 1152 potestatem
2007 1097 2148 1139 facere
2176 1095 2304 1140 liberi

124 1180 338 1220 accessus,
367 1180 565 1223 gressuS,
587 1179 757 1215 cursus;
787 1165 910 1208 velut
939 1165 1178 1209 admittere
1208 1182 1370 1225 equum
1399 1168 1426 1209 i.
1455 1180 1490 1209 e.
1522 1164 1618 1207 dem
1646 1164 1808 1207 Pferde
1836 1165 1974 1207 freien
2004 1165 2119 1208 Lauf
2143 1165 2303 1229 lassen‚

119 1233 245 1293 ‘quod
273 1233 326 1276 fiat
353 1234 540 1276 remissis
569 1232 769 1275 habenis:
799 1233 1008 1277 admissus
1039 1249 1176 1291 equus
1207 1234 1385 1277 subdito
1415 1235 1541 1276 etiam
1572 1232 1737 1283 calcari,
1757 1235 2196 1297 concitatur.bParum
2225 1237 2304 1292 igi-

117 1308 196 1349 uu
223 1309 421 1346 accurate
452 1302 634 1355 faciunt,
673 1303 749 1358 qui
782 1300 1022 1346 admittere
1055 1303 1269 1360 explicant
1303 1304 1546 1346 concitare.
1607 1301 1783 1358 Quodsi
1820 1309 2058 1345 venturam
2092 1301 2305 1366 admittat

111 1385 288 1430 -aquam
325 1385 523 1429 germana
547 1372 766 1427 scriptura
797 1377 884 1423 est,
921 1371 1029 1414 haec
1057 1371 1190 1414 verba
1220 1368 1480 1428 significant,
1518 1385 1665 1413 arcum
1694 1370 1854 1423 facere,
1891 1377 1941 1413 ut
1970 1386 2083 1429 aqua
2110 1371 2302 1416 nubibus
2344 1374 2346 1378 ’

116 1439 301 1484 collecta
331 1446 375 1483 et
402 1441 567 1482 iamiam
596 1453 748 1481 casura
780 1438 1041 1483 effundatur.
1101 1442 1236 1492 Nam,
1272 1447 1323 1482 ut
1352 1442 1411 1483 ait
1441 1439 1660 1496 Heynius,
1696 1438 1774 1481 ubi
1803 1440 1984 1496 primum
2019 1442 2094 1484 iris
2132 1444 2303 1499 conspi-

119 1511 254 1561 citur,
283 1508 493 1565 largiores
518 1507 680 1551 imbres
711 1508 866 1552 cadere
892 1509 1050 1552 solent.
1082 1509 1218 1566 Quod
1247 1515 1417 1551 veteres
1448 1509 1612 1565 opinati
1643 1516 1763 1561 sunt,
1790 1524 1936 1551 arcum
1966 1525 2122 1567 aquam
2150 1510 2303 1555 hibere

113 1577 174 1619 tt*
202 1576 396 1619 nabibus
434 1576 632 1620 alimenta
669 1577 849 1630 afferre,
891 1582 1006 1621 certe
1046 1578 1101 1621 ad
1136 1579 1242 1621 haec
1276 1577 1430 1630 verba,
1474 1579 1519 1619 in
1558 1577 1716 1634 quibus
1755 1577 2018 1635 explicandis
2059 1593 2302 1641 versamur,

115 1643 230 1688 nihil
262 1645 462 1700 pertinet.
526 1644 712 1702 Aquam
749 1645 874 1688 nullo
914 1642 1123 1689 attributo
1158 1646 1376 1689 interdum
1412 1660 1494 1703 pro
1530 1639 1682 1704 pluvia
1718 1650 1844 1703 poni,
1886 1655 2039 1691 notum
2076 1655 2138 1692 est
2175 1648 2301 1703 (vide
2372 1664 2374 1667 ·

74 1754 81 1763 ,
120 1712 362 1756 Mitscherl.
379 1713 437 1756 ad
457 1713 609 1756 Horat.
631 1712 684 1758 C.
707 1713 782 1756 111.
810 1715 881 1766 17,
905 1714 1000 1767 12).
1059 1715 1109 1755 In
1139 1728 1270 1757 versu
1300 1714 1463 1770 elegico
1494 1715 1678 1757 offendit
1707 1714 1853 1758 brevis
1871 1716 2058 1773 ,syllaba
2095 1719 2139 1760 in
2178 1720 2301 1762 tertia

112 1782 228 1824 arsi:
264 1794 378 1838 quae
405 1766 682 1824 numeror-uin
713 1782 974 1838 negligentia
1004 1797 1028 1824 a
1055 1782 1278 1825 nonnullis
1309 1789 1554 1825 excusatur:
1595 1782 1649 1826 ab
1681 1784 1773 1827 aliis
1802 1784 1981 1828 Tibullo
2010 1786 2197 1844 indigna,
2215 1788 2302 1830 exi-

116 1851 324 1893 stimatur·
345 1849 458 1903 (vid.
481 1850 652 1899 Dissen.
674 1849 730 1892 ad
749 1851 788 1893 h.
810 1851 880 1904 l.).
939 1851 1107 1894 Heinsii
1138 1854 1383 1895 coniectura
1418 1850 1629 1905 nimb'z'fitr
1646 1852 1780 1895 ·haud
1817 1854 2060 1910 spernenda
2101 1862 2185 1898 est:
2223 1855 2302 1900 sed

113 1918 296 1961 reticeri*
320 1929 412 1966 non
441 1916 594 1970 debet,
623 1917 763 1961 nabes
793 1918 1047 1975 plerumque
1074 1919 1339 1974 nirnszferas
1368 1920 1487 1963 dieiz'
1504 1935 1648 1963 arcum
1680 1929 1823 1965 aut-em
1844 1923 2136 1981 pluvium.vel
2154 1922 2302 1968 imbri-

110 1983 294 2040 rfemm,
324 1983 445 2042 quod
472 1988 739 2042 posteriores
767 2000 946 2043 quoque
976 1994 1135 2043 poetae
1163 1995 1410 2038 servarunt;
1448 1989 1534 2032 vid.
1559 1990 1692 2033 Rutil.
1716 1991 1859 2033 Itiner.
1883 1992 1916 2035 Ι.
1938 1992 2006 2034 98.
2063 1992 2174 2037 Mihi
2202 2007 2301 2037 cum

113 2053 228 2097 inec
253 2052 394 2105 labes,
423 2059 513 2096 tum
543 2055 799 2114 compositio
829 2057 963 2097 totius
994 2055 1079 2098 loci
1106 2056 1302 2099 nonnihil
1330 2056 1534 2101 laborans
1563 2061 1851 2116 suspicionem
1880 2062 2036 2104 iniecit.
2083 2061 2300 2119 Praecipit

54 2138 57 2142 ’
83 2135 89 2137 “
111 2119 301 2178 mus
330 2119 530 2171 Tibullo,
559 2128 608 2164 ut
632 2135 692 2164 ne
713 2130 882 2165 recuset
911 2125 1104 2166 comitari
1133 2139 1334 2181 puerum,
1365 2128 1558 2183 quamvis
1586 2126 1715 2184 longa
1741 2129 1810 2170 via
1835 2136 2033 2185 paretur:
2062 2136 2151 2172 tum
2179 2129 2301 2173 addit

110 2198 196 2241 -ea,
228 2185 391 2246 qni-bus
428 2186 625 2232 molestia
661 2190 788 2234 huius
824 2193 921 2235 viae
957 2195 1154 2249 augetur,
1191 2200 1353 2236 aestum
1385 2202 1427 2238 et
1455 2194 1614 2238 imbres
1644 2198 1924 2240 imminentes.
1983 2198 2070 2241 Iam
2095 2197 2196 2241 licet
2222 2200 2300 2241 mi-

110 2259 232 2311 πή,
262 2257 439 2300 alteram
469 2260 711 2316 imaginem,
753 2272 838 2318 qua
875 2263 1079 2318 ingruens
1117 2268 1349 2318 tempestas·
1380 2263 1659 2316 describitur,
1697 2269 1783 2308 tam
1819 2265 2048 2322 diligenter
2084 2267 2297 2324 ‘depictam

113 2336 240 2378 esse,
272 2331 327 2368 ’ut
361 2332 497 2382 totum
535 2326 747 2370 distichon
786 2327 962 2385 expleat.
1018 2329 1195 2372 Deinde
1233 2345 1328 2373 cum
1365 2339 1561 2389 utraque·
1588 2336 1728 2390 imago
1768 2334 1822 2377 ad
1862 2335 2168 2392 expingendam
2198 2336 2295 2378 viae

110 2391 356 2442 nolentiam
384 2396 527 2451 posita
557 2397 633 2448 sit,
661 2395 802 2439 altera
832 2397 1007 2454 quidem
1034 2400 1178 2440 iuncta
1208 2405 1380 2442 tenetur
1405 2401 1562 2457 copula
1592 2408 1655 2453 et,
1690 2402 1821 2446 altera
1850 2407 2137 2460 Praepositam
2168 2403 2298 2447 habet

109 2460 469 2505 {coniunctionem
499 2466 719 2521 quamvis,
759 2465 1007 2522 copulativa
1037 2473 1178 2509 autem
1207 2468 1415 2524 particula
1444 2476 1583 2519 caret3
1623 2485 1712 2526 quo
1743 2470 1948 2524 efficitur,
1986 2480 2032 2515 ut
2069 2486 2159 2516 non
2194 2487 2295 2530 pars

109 2524 252 2573 -nius
293 2530 570 2587 eiusdemque
608 2528 805 2588 picturae
846 2548 959 2587 esse,
1002 2534 1078 2577 sed
1117 2535 1208 2593 ipsa
1247 2551 1328 2594 per
1366 2539 1414 2580 se'
1453 2537 1665 2597 collocata
1705 2539 1914 2582 videatur.
1982 2542 2061 2592 At,
2105 2543 2294 2598 inquies,

108 2606 274 2656 mgna
301 2610 397 2642 cum
420 2600 470 2643 ui
498 2602 681 2656 repetita
715 2607 781 2644 est
814 2604 1063 2646 coniunctio
1099 2607 1310 2662 quamvis.
1369 2605 1539 2659 Sentio,
1574 2607 1653 2650 sed
1692 2607 1823 2651 doleo
1861 2608 2072 2652 turbatam
2109 2612 2293 2666 partium

86 2673 95 2678 '
122 2668 486 2723 mpositioneni.
545 2669 709 2711 Verum
740 2677 834 2713 esto
862 2670 977 2713 istud
1007 2672 1193 2728 quidem.
1254 2673 1508 2730 Suspectum
1546 2681 1685 2718 autem
1723 2676 1825 2718 mihi
1853 2685 1996 2720 manet
2024 2680 2290 2736 nescioquo

122 2726 252 2789 pa‘eto
285 2733 469 2778 verbum
506 2734 738 2781 admittat:
776 2753 858 2781 nec
893 2738 994 2782 libri
1022 2742 1068 2782 in
1099 2755 1154 2783 eo
1182 2740 1263 2783 sibi
1294 2749 1510 2786 constant:
1548 2758 1645 2787 nam
1674 2747 1718 2788 in
1749 2746 1968 2789 nonnullis
1998 2746 2155 2803 legitur
2183 2750 2293 2792 ami-

123 2802 228 2844 etat.
263 2800 321 2862 *Si
348 2805 552 2860 scriptum
583 2813 713 2848 esset:
744 2806 955 2863 Quamvis
985 2815 1206 2865 praetexat
1234 2810 1357 2866 picea
1384 2810 1600 2869 ferrugine
1631 2813 1798 2856 coelum
1828 2815 2064 2858 Venturam
2092 2818 2290 2860 minitans

121 2863 319 2911 fabrifer
346 2883 468 2914 arcus
496 2871 668 2928 aquam‘,
699 2877 841 2918 omnia
873 2884 1015 2919 essent
1044 2876 1192 2934 plana:
1223 2878 1302 2921 sed
1329 2879 1433 2935 quid
1463 2881 1582 2922 iuvat
1612 2883 1788 2937 optare?
1830 2881 2021 2925 Videant
2050 2884 2288 2939 peritiores.

88 2948 186 2971 ....
211 2950 251 3003 v.
281 2934 350 2980 45.
407 2940 641 2985 caeruleas
679 2942 755 2986 has
795 2944 935 2988 undas
974 2944 1077 2989 dixit
1114 2945 1339 2999 Tibullus,
1384 2955 1432 2991 ut
1469 2963 1583 2992 mare
1620 2948 1955 3006 intelligeretur-3
1999 2953 2139 3008 poetis
2178 2954 2289 2996 enim
