2462 3112
1226 143 1287 183 VI

185 272 273 303 non
300 261 526 302 accessisse
549 261 639 301 istis
669 265 892 300 extremam
915 256 1077 298 Tibulli
1106 270 1284 300 manum.
1315 280 1368 292 --
1397 273 1435 301 v.
1467 259 1534 301 34.
1565 262 1629 302 ire
1657 260 1831 304 solebat
1854 260 2059 319 Exiguus
2084 261 2327 320 patriaspa-

183 325 303 370 vada
331 327 465 370 linter
485 340 614 384 aqua.
645 325 836 368 Eandem
861 339 947 367 rem
969 328 1197 381 tetigerunt
1220 325 1405 368 Ovidius
1433 327 1572 379 (Fast.
1594 328 1670 380 tv,
1698 328 1810 381 4⁰5)
1839 336 1880 371 et
1902 330 2150 385 Propertius
2172 328 2325 387 tfflteg.

185 396 270 447 lv,
299 396 346 446 9,
376 396 444 447 5).
496 394 635 436 Pulsa
667 393 760 435 Itali
790 393 1000 435 dederunt
1029 407 1108 448 pro
1144 393 1282 450 pulla.
1332 395 1389 435 At
1417 408 1523 436 vero
1553 395 1630 436 hac
1662 396 1834 451 quidem
1864 396 2094 439 verborum
2127 399 2324 446 iunctum

183 477 329 506 nonne
362 465 442 506 ista
471 463 693 518 languent?
736 461 907 503 Deinde
937 475 1037 501 num
1065 460 1196 516 pulsa
1225 475 1295 511 ea,
1335 476 1419 517 qua
1447 461 1674 504 voluerunt
1703 463 1816 514 Itali,
1852 464 2180 520 significatione,
2207 465 2325 508 nude

184 534 290 589 poni
318 534 486 589 potest?
522 531 635 572 Nam
674 529 819 571 eadem
845 542 927 571 vox
954 528 1047 570 aliis
1081 528 1186 570 locis
1215 528 1337 570 aliter
1367 528 1612 584 explicanda
1642 536 1717 572 est.
1747 531 1894 586 virgil.
1927 532 2028 582 Vll,
2060 531 2161 572 701:
2196 537 2326 574 sonu:

185 603 319 642 amnis
358 606 402 641 ct
428 601 527 641 Asia
564 597 691 654 longe
719 597 850 654 pulsa
886 596 1028 652 palus:
1074 604 1189 637 certe
1223 610 1311 638 non
1340 599 1478 639 remis.
1508 597 1680 639 Petron.
1718 597 1821 649 123,
1850 598 1945 640 231.
1989 600 2142 640 Auster
2167 599 2325 656 pulsae

185 670 337 711 evertit
369 680 503 723 aquas
534 666 676 718 (conf.
709 666 844 707 Tacit.
874 667 990 706 Vita.
1019 666 1117 719 Agr.
1148 679 1214 720 cp.
1245 665 1327 716 ll)
1365 672 1407 706 et
1435 666 1508 715 89,
1539 665 1595 705 34
1624 664 1764 707 abiete
1799 667 1994 720 imposita
2021 672 2209 708 mamor-
2230 665 2324 722 pel-

185 736 290 779 litur
317 739 343 778 i.
373 749 410 776 e.
442 734 682 790 dispellitur
710 748 786 775 seu
817 733 973 775 cedere
1005 734 1193 787 cogitur,
1232 739 1278 773 ut
1311 732 1422 787 apud
1449 734 1608 774 Auson.
1639 732 1807 775 Mosell.
1835 733 1919 774 344
1955 733 2140 788 gelidum
2166 734 2326 776 flumen

183 809 357 846 natatu.
388 801 680 858 Quamobrem
709 803 936 857 scriptores
967 800 1204 856 prudenter
1233 803 1363 841 remis
1393 799 1573 850 addunt,
1603 799 1722 842 velut
1745 800 1898 843 Catull.
1927 801 2000 850 44,
2030 800 2097 843 58.
2127 801 2323 857 Propert.

185 871 266 923 111,
296 871 374 920 22,
405 870 471 912 ll.
502 869 574 911 Sil.
596 869 685 911 Ital.
711 870 783 919 15,
814 869 909 911 301.
939 870 994 910 At
1015 868 1157 919 facile,
1187 870 1324 923 inquit
1344 867 1606 919 Huschkius,
1636 868 1680 910 id
1702 883 1725 909 e
1746 875 1943 910 contextu
1965 868 2139 911 elicitur.
2168 869 2327 920 Remu,

183 941 220 981 si
249 952 474 980 remorum
502 941 661 979 mentio
691 936 835 993 paullo
868 945 964 978 ante
994 939 1145 977 iniecta
1178 944 1257 977 est:
1287 936 1403 978 velut
1429 937 1621 992 Propert.
1652 937 1732 986 IV,
1764 938 1810 987 2,
1842 937 1879 978 7.
1923 937 2051 978 Ovid.
2081 937 2207 978 Trist.
2231 935 2324 988 IV,

185 1007 231 1057 l,
266 1007 307 1048 9.
362 1007 512 1062 ltaque
546 1005 748 1047 Italorum
781 1005 1020 1046 emendatio
1050 1005 1150 1046 mihi
1178 1017 1266 1046 non
1306 1011 1389 1045 tam
1420 1011 1531 1046 certa
1561 1004 1729 1045 videtur
1759 1018 1880 1054 esse,
1920 1018 2029 1059 quae
2065 1017 2154 1045 non
2189 1005 2326 1059 possit

183 1076 435 1131 oppugnari.
495 1074 615 1116 Nihil
647 1073 842 1129 equidem
874 1080 1036 1113 mutare
1064 1075 1218 1113 ausimf
1253 1071 1327 1113 sed
1368 1072 1515 1127 quidni
1545 1072 1670 1113 liccat
1700 1073 1933 1113 coniicere?
1974 1071 2153 1114 fortasse
2182 1071 2326 1128 legen*

183 1141 311 1184 dum:
351 1144 523 1198 exiguus
553 1141 691 1183 multa
722 1157 800 1196 per
827 1141 936 1182 vada
973 1140 1097 1181 linter
1134 1154 1263 1195 aqua:
1295 1139 1434 1181 multa
1464 1143 1489 1181 i.
1524 1154 1558 1180 e.
1601 1139 1734 1180 effusa
1775 1141 1902 1190 (weit
1930 1139 2206 1190 verbreitet):
2241 1140 2325 1181 nisi

183 1211 320 1252 malis:
350 1212 534 1266 exiguus
566 1208 711 1250 Tusca
738 1223 821 1265 per
848 1207 966 1249 vada
996 1208 1128 1249 linter
1157 1221 1292 1263 aqua:
1322 1222 1416 1249 nam
1447 1208 1554 1248 haec
1572 1206 1680 1248 vada
1702 1206 1886 1248 Albulae
1910 1221 1986 1249 seu
2008 1206 2174 1249 Tiberis
2204 1213 2327 1249 erant

182 1281 423 1335 stagnantis.
453 1278 645 1333 Propert.
668 1277 751 1326 IV,
781 1277 827 1326 9,
857 1279 893 1318 5.
928 1277 1029 1330 Quo
1054 1275 1246 1316 Velabra
1274 1289 1353 1316 suo
1381 1274 1630 1330 stagnabant
1659 1275 1850 1325 flumine,
1882 1288 2052 1330 quaque
2074 1275 2215 1316 Nauia
2244 1288 2325 1329 per

184 1346 368 1389 urbanas
409 1345 655 1387 velificabat
694 1359 825 1399 aquas
857 1369 907 1376 -
949 1359 989 1385 v.
1020 1344 1086 1384 35.
1139 1343 1226 1384 Illa
1265 1358 1397 1399 saepe
1433 1345 1588 1399 gregis
1618 1342 1719 1384 ditis
1746 1342 1968 1398 placitura
1995 1344 2211 1399 magistro
2241 1339 2327 1382 Ad

183 1417 383 1458 iuvenem
400 1413 532 1467 festa
560 1419 628 1455 est
656 1419 785 1455 vecta
814 1412 964 1469 puella
996 1410 1078 1453 die.
1124 1411 1199 1452 llla
1230 1413 1254 1452 i.
1287 1425 1323 1452 e.
1354 1411 1430 1451 hac
1460 1414 1544 1452 via:
1586 1425 1665 1452 nec
1703 1411 1811 1450 euim
1841 1409 2098 1464 iungendum
2127 1415 2191 1451 est
2223 1421 2324 1451 ’ωω

184 1497 313 1540 aqua.
343 1481 446 1524 ditis
466 1480 689 1522 Dissenius
719 1482 943 1521 numerosi
976 1479 1171 1535 explicat:
1200 1481 1353 1520 rectius
1375 1479 1569 1534 Heynius
1599 1492 1687 1519 non
1711 1477 1840 1520 modo
1869 1477 1922 1519 ad
1945 1491 2166 1518 numerum
2195 1475 2324 1528 illud,

183 1551 260 1593 sed
283 1552 405 1592 etiam
432 1549 484 1591 ad
515 1550 677 1590 foetum
706 1548 955 1603 fructusque
977 1549 1113 1602 gregis
1134 1549 1350 1602 pertinere
1370 1545 1482 1587 dicit.
1513 1547 1649 1587 Etiam
1673 1552 1878 1587 nostrates
1901 1559 1994 1585 cum
2017 1544 2164 1586 dieunt
2183 1545 2325 1587 reicbe

184 1618 377 1668 noerae,
404 1617 448 1659 id
476 1620 529 1658 ita
551 1618 683 1670 accipi
705 1615 869 1656 volunt.
902 1616 986 1656 Pro
1017 1614 1119 1656 ditis
1142 1616 1338 1656 Muretus
1365 1616 1558 1669 reposuit
1578 1612 1675 1654 diti:
1707 1619 2016 1654 consenserunt
2036 1614 2075 1652 ei
2103 1612 2323 1661 Heinsius,

183 1684 391 1740 Vulpius‚
421 1683 677 1725 Huschkius.
709 1684 813 1725 Non
842 1682 1018 1724 dubium
1050 1689 1132 1732 est,
1163 1685 1266 1737 quin
1296 1684 1353 1722 ita
1382 1681 1462 1735 legi
1491 1682 1640 1735 possit:
1671 1680 1749 1721 sed
1778 1680 1988 1720 fastidium
2017 1678 2131 1721 istud
2159 1682 2324 1721 aurium

183 1753 346 1795 literam
385 1750 548 1793 sibilam
588 1752 875 1806 spernentium
914 1763 1001 1790 non
1042 1763 1158 1789 curo.
1203 1771 1255 1778 -——
1298 1748 1520 1804 placitura
1559 1748 1782 1789 Dissenius
1821 1747 1996 1802 explicat
2041 1755 2152 1803 quae
2185 1749 2324 1803 cupiit

180 1821 373 1878 placere.
406 1820 515 1861 Satis
543 1817 777 1859 commode.
814 1818 927 1858 Nam
959 1816 1129 1872 puellae
1156 1815 1231 1857 ubi
1260 1815 1453 1857 saltatum
1485 1823 1604 1867 eunt,
1630 1815 1775 1857 faciem
1808 1813 2069 1856 omnimodo
2099 1821 2322 1864 exornant,

183 1896 232 1931 ut
270 1889 372 1929 viris
411 1886 636 1942 placeant,
675 1885 821 1940 quales
861 1887 984 1925 etiam
1021 1884 1230 1925 Goethius
1267 1885 1311 1924 in
1342 1884 1490 1925 Fustio
1525 1886 1700 1925 notavit.
1759 1883 1980 1924 Dissenius
2016 1884 2229 1924 invitatam
2263 1881 2324 1924 ab

184 1963 372 1998 amatore
401 1956 599 2010 opinatur
627 1953 816 2008 puellam
854 1967 946 1993 sese
976 1954 1145 2006 exiguae
1174 1953 1253 1993 rati
1285 1954 1549 1993 commisisse.
1601 1953 1765 1993 Notum
1807 1958 1870 1992 est
1897 1952 2161 2006 participium
2190 1950 2323 1992 fumi

183 2024 327 2066 valere
358 2029 430 2064 aut
459 2021 654 2072 werden,
684 2019 865 2070 wollen,
904 2019 1043 2060 bereit
1078 2019 1147 2060 vel
1176 2021 1229 2060 im
1260 2019 1447 2075 Begriffe
1477 2022 1586 2069 sein,
1612 2019 1731 2060 velut
1766 2032 2034 2074 egressurus,
2070 2021 2323 2074 scripturus,

185 2093 376 2134 aditurus
405 2097 499 2140 aut,
528 2096 576 2130 ut
603 2103 851 2145 graecorum
873 2085 1022 2142 μέλλω
1044 2102 1138 2128 cum
1169 2086 1379 2128 infinitivo
1409 2089 1617 2137 iunctum,
1648 2086 1802 2136 sollen‚
1827 2086 2038 2128 bestimmt
2065 2089 2175 2137 sein,
2203 2085 2323 2128 velut

183 2159 355 2202 Dellius
381 2160 629 2208 moriturus,
660 2157 801 2197 Icarus
830 2158 967 2196 vitreo
996 2155 1170 2196 daturus
1200 2156 1370 2196 nomina
1400 2162 1536 2210 ponto
1566 2155 1705 2205 (conf.
1736 2156 1910 2195 omnino
1937 2153 2073 2194 'rhiet
2096 2153 2149 2195 ad
2171 2153 2322 2208 virgil.

184 2230 292 2271 Aen.
321 2228 379 2278 X,
409 2226 536 2277 811).
584 2225 688 2266 Eam
724 2225 934 2279 participii
962 2225 1045 2264 vim
1075 2237 1155 2263 nos
1184 2222 1393 2264 interdum
1419 2225 1477 2263 ita
1504 2222 1732 2273 flectimus,
1758 2229 1806 2263 ut
1835 2235 1913 2276 pro
1940 2221 2085 2262 sollen
2114 2234 2321 2276 ponamus

183 2294 392 2344 Ιεὸηηεη,
429 2295 487 2334 ita
520 2300 567 2333 ut
593 2292 813 2349 placitura
848 2293 954 2331 verti
990 2292 1148 2345 possit,
1187 2290 1255 2331 die
1291 2290 1345 2331 da
1375 2289 1492 2331 wohl
1528 2290 1708 2345 gefallen
1745 2288 1933 2338 konnte‚
1970 2291 1998 2329 i.
2027 2302 2062 2329 e.
2093 2303 2203 2343 quae
2235 2295 2321 2330 tam

184 2362 299 2406 bella
333 2368 446 2411 erat,
484 2368 530 2401 ut
557 2362 754 2414 magistro
785 2360 952 2413 pecoris
981 2372 1069 2399 non
1099 2365 1243 2413 posset
1281 2371 1370 2400 non
1410 2357 1591 2413 placere.
1651 2358 1802 2398 Novas
1840 2355 1986 2397 turbas
2020 2355 2321 2411 interpretibus

183 2436 412 2473 moverunt
441 2427 572 2470 verba
600 2428 817 2484 magister
848 2433 890 2466 et
922 2427 1100 2467 iuvenis.
1160 2425 1247 2467 Alii
1284 2427 1392 2466 enim
1428 2427 1667 2480 magistrum
1700 2431 1740 2465 et
1776 2425 1970 2464 iuvenem
2012 2423 2193 2464 eundem
2226 2429 2320 2466 esse

185 2499 408 2548 dixerunt,
438 2503 485 2537 ut
512 2496 694 2536 Vossius
725 2501 767 2535 et
796 2494 1038 2534 Dissenius:
1069 2501 1215 2534 contra
1247 2493 1347 2534 dixit
1379 2494 1587 2547 Heynius.
1633 2493 1767 2533 Etiam
1799 2491 2040 2532 Huschkius
2069 2490 2196 2531 alium
2226 2504 2320 2533 esse

183 2573 304 2623 putat
332 2566 591 2620 magistrum,
622 2561 750 2602 alium
780 2563 988 2602 iuvenem.
1021 2568 1214 2602 eventum
1245 2562 1302 2601 ait
1329 2574 1419 2602 non
1450 2562 1667 2614 provisum
1697 2559 1853 2599 fuisse:
1883 2566 2043 2599 vectam
2075 2571 2166 2598 esse
2194 2557 2319 2613 puel*-

183 2633 267 2675 lam
297 2631 352 2673 ad
378 2634 576 2673 iuvenem
603 2632 631 2671 i.
654 2644 688 2670 e.
719 2635 967 2669 amatorem:
996 2628 1073 2669 sed
1103 2628 1313 2683 placuisse
1343 2627 1460 2669 diviti
1488 2629 1623 2682 gregis
1645 2628 1862 2681 magistro,
1891 2626 1964 2679 qui
1992 2624 2115 2666 donis
2138 2626 2319 2680 palmam

184 2701 331 2744 inveni
361 2699 670 2755 praeripuisset.
730 2697 850 2737 Haec
881 2695 967 2737 ille.
1009 2703 1051 2736 at
1081 2695 1287 2737 eiusmodi
1315 2694 1557 2736 calamitatis
1585 2693 1818 2736 narrandae
1852 2691 1920 2732 hic
1946 2690 2066 2733 locus
2094 2707 2183 2734 non
2214 2701 2322 2736 erat.

185 2765 394 2824 Equidem
423 2768 647 2808 consentio
675 2765 897 2814 Dissenio,
925 2763 1002 2804 sed
1031 2771 1173 2804 verto:
1204 2764 1309 2804 Hier
1338 2762 1433 2803 fuhr
1461 2776 1535 2817 gar
1563 2761 1625 2803 oft
1653 2762 1722 2802 ein
1747 2758 1981 2808 Madchen‚
2011 2758 2084 2800 das
2113 2760 2207 2802 dem
2237 2761 2320 2803 Be·

185 2837 314 2876 sitzer
349 2835 466 2875 einer
500 2833 675 2875 reichen
706 2831 877 2873 Heerde
914 2845 988 2886 gar
1015 2831 1133 2872 wohl
1172 2830 1357 2887 gefallen
1389 2829 1579 2879 konnte‚
1624 2842 1678 2869 zu
1705 2827 1836 2868 ihrem
1861 2825 2067 2882 Jiingling
2100 2841 2153 2868 an
2183 2829 2318 2869 einem

185 2901 406 2943 festlichen
436 2901 555 2956 Tage
592 2901 676 2941 hin.
734 2899 1010 2955 Illagistrum
1046 2901 1180 2954 gregis
1217 2912 1305 2939 non
1342 2911 1512 2938 servum
1546 2894 1765 2949 intelligo,
1809 2893 1944 2949 qualis
1981 2894 2224 2936 Faustulus·
2244 2895 2320 2936 ilt'e

186 2976 298 3020 erat,
335 2968 411 3010 sed
448 2967 665 3010 dominum
699 2967 846 3022 gregis.
878 2988 930 2997 —-
960 2980 999 3006 v.
1029 2966 1096 3008 39.
1155 2965 1346 3021 Impiger
1383 2963 1576 3005 Aeneas.
1631 2963 1751 3003 Haec
1787 2961 1917 3003 verba
1953 2968 2144 3017 spectant
2172 2969 2319 3004 sortes
