2462 3112
1182 89 1371 130 XXVIII

198 203 473 245 enuntiantur
499 204 745 260 praeposita
773 203 980 260 particula
1009 211 1113 248 tum.
1135 231 1189 240 —
1232 221 1271 250 v.
1298 208 1383 251 172
1404 207 1511 252 Neu
1537 210 1716 254 iuvenes
1743 211 1935 255 celebret
1963 213 2105 263 mulia
2124 226 2350 270 ser-mmm

197 276 366 321 caveto.
424 270 611 326 Vulpius
648 271 840 315 celebret
876 274 1176 329 interpretatus
1208 281 1271 318 est
1299 275 1474 328 laudet,
1511 277 2114 333 zVVunderlichiieis·honoret,
2153 284 2352 342 insigna

193 336 376 380 reddat:
408 337 587 381 alterum
616 342 709 383 iure
738 341 1163 392 reiecit.Dissenius;
1205 350 1248 385 at
1277 343 1640 388 alterum-iniuria
1670 345 1870 390 damnat„
1908 348 2031 405 Quid
2059 350 2353 395 Tibulli-wiss-

151 454 153 458 ι
194 403 326 460 telligi
353 405 557 458 voluerit,
596 406 772 462 planum
802 414 885 450 est:
923 409 1002 451 sed
1032 409 1196 452 locutio
1232 418 1298 453 est
1325 411 1600 455 insolentior:
1637 421 1888 471 necvtamen
1915 423 2080 459 tantum
2110 418 2353 462 deflectit'a

194 473 506 516 consuetudine
533 473 760 530 loquendi,
792 483 841 518 ut
870 490 965 518 cum
996 480 1173 534 propria
1202 480 1246 520 vi
1273 478 1398 522 verbi
1426 479 1652 523 celebrare
1684 483 1902 525 conciliari
1930 488 2020 526 non
2046 488 2196 542 possit.
2242 484 2351 530 mae

197 539 369 594 quidem
397 540 636 586 locutiones
664 542 783 584 velut
814 545 1029 595 carmine,
1061 548 1287 598 oratione,
1323 545 1528 590 laudibus
1558 547 1750 606 aliquem
1778 550 2025 603 celebrare,
2056 553 2352 598 conferrive-

195 614 377 663 queunt:
414 622 497 650 nec
530 608 653 652 locus
686 624 710 652 a
740 610 1043 654 Brouckhusio
1075 628 1125 655 ex
1157 613 1379 658 Ciceronis
1408 614 1598 671 epistolis
1628 616 1709 668 (ad
1731 618 1818 660 Att.
1838 619 1913 661 VI.
1936 619 2194 672 1)=-altatus‚z
2224 623 2353 676 quen

196 688 329 716 unum
357 675 412 718 ad
442 691 532 718 rem
560 677 704 720 facere
731 678 928 734 Heynius
960 681 1184 732 existimat,
1213 681 1443 737 quidquam
1473 682 1664 738 prodest.
1700 684 2032 740 Propiora-sunt
2054 687 2190 730 haec:
2208 687 2351 732 Ovi&

196 741 303 784 Met.
324 742 377 786 Π.
397 743 514 797 252„
556 759 684 800 quem
722 745 864 787 locum
903 748 983 787 iam
1022 746 1210 790 laudavit
1239 750 1458 805 Heynius:
1501 750 1644 807 Cygni
1672 751 2352 799 Maeonias-celebrarmztaeare-

199 811 316 852 mine
352 812 485 868 ripas.
526 819 568 854 et
605 812 680 855 Sil.
701 812 791 855 Ital.
815 812 1030 856 V1.398.:
1076 814 1244 858 Consul
1279 816 1492 872 Regulum
1533 819 1668 872 patria
1704 820 1881 875 vestigia
1917 823 2076 875 primus
2112 823 2351 867 Ponenten

198 884 312 920 terra
350 893 534 921 occursu
569 879 818 922 celebrabat
852 882 999 923 amico.
1056 882 1195 925 Nobis
1223 883 1351 926 huius
1379 883 1609 928 locutionis
1638 886 1721 927 vim
1751 889 1910 930 sentire
1938 890 2086 944 magis,
2123 894 2350 945 quamsex-

197 945 380 1002 primere
415 948 533 990 licet:
570 951 738 1005 scripsit
770 956 912 992 autem
942 949 1143 993 Tibullus
1180 951 1378 995 consulto
1415 967 1466 994 ac
1504 967 1600 994 cum
1631 953 1807 996 ‘delectu
1834 957 1912 1006 ita,
1952 970 2039 1012 quo
2069 956 2220 1000 Deliae
2244 971 2350 1001 sune

196 1013 360 1070 aliquid
389 1015 609 1059 tribueret
644 1019 782 1073 patrio
813 1032 1012 1060 sermone
1041 1017 1187 1061 licebit
1219 1019 1323 1062 haec
1354 1020 1437 1062 hoc
1472 1021 1561 1062 fere
1592 1021 1724 1065 modo
1754 1023 1982 1079 explicare:
2019 1025 2114 1067 dass
2143 1027 2205 1068 sie
2234 1023 2351 1070 nicht

198 1081 267 1124 die
297 1083 527 1139 Jiinglinge
553 1086 628 1127 mit
655 1084 808 1127 vielem
837 1085 927 1127 und
959 1085 1124 1141 langem
1152 1086 1398 1144 Gespriiche
1428 1086 1606 1140 beehre‚
1639 1089 1781 1145 idque
1798 1091 1899 1132 mihi
1925 1091 2350 1136 videtur-Wunder-

196 1148 349 1192 lichius
380 1150 546 1194 dixisse.
578 1176 632 1185 -
688 1167 728 1193 v.
757 1152 826 1195 20.
884 1152 1034 1196 Exibit
1068 1169 1200 1210 quam
1232 1170 1388 1213 saepe,
1427 1157 1551 1207 time,
1587 1166 1679 1199 seu·
1699 1160 1843 1201 visere
1876 1158 1994 1202 dicet
2027 1165 2179 1202 cetera.
2210 1159 2350 1203 ‘Vul-

197 1218 294 1273 pius
321 1233 416 1266 cum
443 1219 546 1261 dicit
573 1219 626 1262 ad
655 1220 937 1277 supplendam
964 1225 1213 1264 sententiam
1240 1225 1421 1279 requiri:
1450 1239 1530 1266 seu
1557 1239 1820 1283 quacunque
1845 1228 1936 1271 alia
1959 1226 2015 1269 de
2041 1228 2349 1271 caussa-exire

196 1283 334 1338 dicet,
369 1299 458 1329 non
486 1289 716 1343 ignoravit,
749 1290 841 1331 sive
874 1302 966 1330 esse
993 1289 1066 1331 vel
1094 1291 1151 1341 si,
1187 1290 1502 1333 sed-rationem
1530 1292 1763 1348 particulae
1791 1295 1884 1336 sive
1914 1293 2046 1336 semel
2077 1296 2245 1351 positae
2279 1308 2349 1338 ex·

196 1353 357 1409 plicare
385 1355 542 1397 voluit:
572 1357 616 1397 in
647 1365 732 1411 qua
760 1371 807 1398 re
837 1363 951 1399 certe
980 1357 1052 1399 ille
1082 1357 1216 1401 multo
1246 1359 1397 1400 melius
1426 1359 1551 1411 vidit,
1582 1376 1708 1417 quam
1735 1362 1784 1412 ii,
1816 1363 1890 1418 qui
1915 1363 2008 1404 sive
2029 1362 2248 1404 interdum
2270 1375 2348 1405 ne-

196 1423 286 1463 scio
322 1422 426 1478 quid
460 1422 576 1464 aliud
610 1437 767 1466 sonare
801 1423 1025 1468 affirmant.
1059 1450 1112 1458 —
1169 1441 1209 1469 V.
1239 1427 1308 1469 22.
1365 1427 1435 1469 At
1469 1427 1572 1470 mihi
1604 1430 1643 1471 si
1673 1427 1855 1479 credas,
1889 1420 2013 1471 illam
2038 1443 2205 1488 sequar
2232 1444 2348 1474 unus

194 1488 258 1532 ad
285 1502 416 1532 aras:
451 1490 575 1533 Tunc
604 1490 708 1534 mihi
736 1506 830 1534 non
860 1492 1001 1535 oculis
1029 1494 1090 1534 sit
1118 1495 1315 1536 timuisse
1343 1497 1460 1537 meis.
1519 1495 1664 1537 Vide'o
1692 1510 1944 1552 pronomen
1978 1497 2104 1539 illam
2137 1500 2197 1540 ita
2231 1488 2347 1555 posi·

197 1563 288 1599 tum
317 1547 433 1610 esse'‚
470 1565 518 1600 ut
546 1558 600 1601 ad
629 1566 857 1615 utrumque
885 1559 1066 1603 verbum
1097 1567 1140 1603 et
1169 1561 1224 1604 ad
1254 1561 1413 1605 credas
1451 1568 1492 1604 et
1527 1563 1582 1605 ad
1609 1559 1775 1620 sequar·
1810 1563 1963 1606 referri
1997 1566 2152 1620 possit:
2191 1567 2347 1608 arctius

194 1629 338 1667 tamen
365 1626 556 1667 iunctum
585 1633 649 1668 est
678 1641 773 1668 cum
802 1627 944 1670 verbis
974 1642 1139 1685 sequar·
1167 1643 1282 1671 unus
1312 1628 1374 1671 ad
1401 1644 1526 1671 aras:
1562 1637 1826 1686 quapropter
1852 1636 1943 1672 non
1971 1631 2240 1687 post-illam,
2269 1631 2347 1675 sed

196 1699 294 1735 ante
322 1692 406 1735 hoc
432 1707 673 1750 pronomen
702 1693 1048 1750 distinguendum
1077 1702 1196 1751 puto.
1254 1697 1512 1741 Pronomine
1541 1704 1679 1739 autem
1708 1700 1769 1739 sic
1798 1697 2014 1741 collocato
2041 1698 2224 1741 verbum
2251 1713 2347 1743 cre·

194 1759 278 1803 das
308 1760 492 1816 explices
522 1761 623 1804 licet
651 1761 883 1805 custodiae
912 1777 1036 1806 meae
1066 1765 1328 1822 committas,
1382 1764 1558 1807 Festive
1587 1766 1754 1807 iocatur
1784 1765 1998 1808 Tibullus.
2044 1767 2159 1809 Nam
2180 1766 2347 1810 Deliam

194 1827 371 1871 Tibullo
407 1828 606 1881 credere,
628 1838 754 1872 -esset
784 1830 921 1883 ovile,
958 1838 1007 1873 ut
1036 1832 1173 1882 aiunt,
1209 1831 1314 1888 lupo
1344 1832 1534 1875 credere.
1589 1832 1701 1875 Illud
1731 1840 1870 1875 autem
1899 1833 2159 1889 lepidissime
2189 1833 2345 1878 dictum

193 1902 259 1943 est
293 1910 409 1940 unus
443 1912 628 1955 sequar:
667 1900 836 1941 semotis
874 1900 1002 1955 igitur
1038 1900 1189 1941 ceteris
1227 1899 1479 1943 custodibus
1516 1914 1562 1942 se
1598 1899 1737 1942 solum
1763 1899 2011 1954 'custodiam
2047 1908 2351 1959 suscepwrunr

193 1962 434 2020 pollicetur.
496 1965 632 2020 Quod
661 1965 885 2009 Dissenius
905 1965 1114 2022 explicat,
1151 1965 1326 2009 audebo
1363 1966 1480 2010 clam
1514 1967 1638 2023 sequi
1669 1966 1740 2008 vel
1770 1969 1817 2009 in
1844 1965 1928 2010 has
1956 1966 2091 2010 aedes
2118 1970 2346 2011 virisssnon

195 2029 450 2074 adeundas:
479 2034 541 2074 rei
570 2035 788 2085 convenit,
818 2048 909 2076 non
937 2033 1082 2076 verbis
1111 2041 1287 2089 poetae,
1325 2034 1439 2090 apud
1470 2048 1598 2090 quem
1624 2033 1739 2077 nihil·
1759 2033 1932 2090 legitur,
1968 2034 2084 2077 unde
2110 2034 2183 2076 illa
2212 2049 2345 2078 ausu·-

193 2112 312 2150 rum,
351 2100 486 2152 clam,
514 2100 586 2142 vel
616 2103 708 2143 erui
735 2103 936 2157 possint·
970 2102 1080 2144 Aras
1110 2102 1260 2144 Bonae
1283 2092 1409 2147 Deae
1438 2101 1732 2157 intelligendas
1759 2115 1878 2153 esser,
1915 2101 2344 2145 docuit‘Brouckhu'a
2363 2112 2374 2123 ³

193 2165 293 2206 sius.
325 2166 458 2208 Erant
484 2173 624 2209 autem
650 2168 756 2211 haec
783 2167 955 2224 templa,
983 2175 1032 2211 ut
1057 2181 1108 2210 ex
1134 2168 1328 2210 luvenali
1353 2170 1452 2211 satis
1479 2170 1692 2224 cognitum
1721 2175 1804 2219 est,
1833 2170 1955 2224 quasi
1980 2167 2179 2211 officinae
2199 2168 2343 2212 omnis

194 2234 415 2288 nequitiae
451 2241 581 2290 atque
611 2235 744 2278 verba
775 2235 956 2286 Tibulli,
997 2250 1250 2292 quamquam
1279 2236 1319 2277 ei
1346 2235 1451 2278 nihil
1481 2243 1571 2278 erat
1601 2251 1694 2278 cum
1728 2235 1907 2288 Clodio,
1944 2243 2083 2279 tamen
2111 2239 2342 2281 inmemo-

194 2302 299 2343 riam
330 2310 533 2345 revocant
558 2302 701 2345 locum
730 2302 946 2349 Iuvenalis
979 2305 1093 2357 (Sat.
1114 2305 1189 2347 VI.
1206 2304 1319 2356 345)
1348 2303 1424 2346 ubi
1451 2303 1542 2355 ille,
1585 2304 1661 2346 sed
1689 2318 1822 2356 nunc,
1851 2305 2007 2360 inquit,
2027 2303 2223 2360 adequas
2253 2317 2344 2348 non

197 2366 380 2411 Clodi-us
409 2384 515 2412 aras.
571 2370 698 2426 Quae
727 2377 983 2427 sequuntur,
1014 2378 1119 2414 tunc
1149 2370 1252 2414 mihi
1275 2371 1544 2415 ¹non·oculis
1571 2373 1629 2413 sit
1658 2373 1852 2414 timuisse
1879 2373 1986 2414 meis
2014 2385 2103 2414 non
2131 2373 2349 2428 aptissime

197 2435 397 2491 copulata
427 2451 547 2489 esse„
575 2439 784 2480 neminem
814 2447 951 2495 spero
972 2438 1181 2490 futurum,
1219 2440 1323 2494 quin
1352 2453 1517 2482 mecum
1546 2441 1709 2482 sentiat.
1767 2438 1935 2495 Perlegi
1964 2437 2194 2481 identidem
2221 2438 2343 2482 loom

195 2502 258 2545 ab
277 2504 458 2547 Heinsio
490 2505 545 2547 ad
572 2506 701 2549 ovid.
721 2507 812 2550 Art.
835 2509 927 2549 Am4
949 2507 1001 2552 ΙΙ.
1022 2507 1090 2549 28.
1121 2506 1346 2550 collectos:
1376 2507 1502 2550 video
1535 2508 1679 2558 etiam,
1706 2508 1773 2549 3ὶὺ
1792 2505 2242 2562 propemodumnidem
2261 2518 2344 2550 Mt·

195 2570 301 2622 lere,
333 2573 452 2628 quod
480 2575 585 2616 erit:
620 2588 701 2616 nec
729 2581 868 2619 tamen
897 2582 1135 2631 temperare
1172 2575 1272 2617 mihi
1302 2588 1496 2630 possum,
1526 2576 1639 2630 quin
1668 2573 1807 2615 malim
1837 2573 1946 2629 legi:
1986 2574 2085 2616 Nec
2111 2574 2212 2615 mihi
2238 2580 2342 2617 tuno
2388 2591 2395 2596 ·

196 2638 334 2681 oculis
371 2642 427 2682 sit
462 2631 651 2684 timuisse
690 2643 806 2684 meis.
845 2667 899 2676 —
955 2657 996 2684 v.
1025 2643 1093 2685 25.
1150 2654 1330 2698 gemmas
1363 2643 1474 2693 eius,
1502 2645 1767 2701 signumque
1795 2642 2035 2699 probarem.
2093 2643 2214 2684 Haec
2239 2644 2342 2684 scri-

193 2712 320 2762 ptura
350 2707 470 2751 alter-i
498 2711 728 2767 signumve
757 2716 957 2766 praestat.
1014 2710 1129 2752 Nam
1160 2710 1236 2751 hae
1265 2717 1373 2752 artes
1402 2711 1600 2757 inventae
1631 2717 1751 2753 erant
1780 2710 1834 2752 ad
1860 2717 2036 2767 tempus
2070 2708 2341 2762 trahendum,

196 2788 285 2829 quo
313 2775 479 2829 liceret,
513 2791 682 2820 manum
711 2777 881 2834 puellae
909 2784 1094 2834 tangere.
1152 2778 1272 2819 Haec
1302 2778 1449 2820 caussa
1482 2785 1547 2820 est
1571 2784 1723 2820 ‘tantae
1758 2779 1802 2819 in
1820 2801 1822 2804 >
1840 2778 1905 2820 his
1941 2777 2072 2820 rebus
2099 2776 2342 2833 >probandis

195 2840 451 2898 diligentiae.
506 2845 618 2887 Visit
645 2856 851 2901 gemmas:
888 2845 1118 2888 admiratur
1146 2859 1290 2887 earum
1318 2852 1513 2887 naturam
1551 2860 1601 2887 ac
1627 2847 1838 2902 pretium:
1877 2852 1965 2888 tum
1995 2844 2151 2901 probat
2177 2846 2342 2900 signum

196 2916 239 2952 et
273 2917 320 2952 ut
349 2911 590 2968 intelligens
613 2912 898 2958 artificiorum
920 2914 1175 2956 existimator
1202 2912 1310 2956 illud
1338 2915 1461 2956 taxat.
1499 2913 1544 2956 id
1572 2912 1695 2956 brevi
1724 2914 1898 2969 transigi
1928 2927 2017 2955 non
2045 2911 2200 2969 potest.
2236 2908 2339 2954 inde
