2462 3112
1210 91 1255 132 Π

158 208 387 254 Burmann.
408 208 463 252 ad
477 207 708 265 Antholog.
728 207 798 252 lat.
819 207 847 251 l.
868 207 941 251 111.
963 222 1029 265 ep.
1048 208 1146 252 229.
1171 233 1226 242 —-
1267 225 1308 253 v.
1329 210 1397 253 14.
1426 210 1652 268 Agricolae
1678 211 1804 256 deum
1824 214 1850 258 i.
1872 228 1908 258 e.
1933 215 2111 260 deorum
2133 219 2308 264 omnino

159 277 245 321 dici
271 291 363 320 non
391 281 554 334 potest:
592 278 777 332 positum
809 283 948 319 autem
981 290 1074 318 esse
1103 277 1313 333 agricolae
1340 292 1422 334 pro
1452 280 1760 338 agricolarum
1787 296 1878 325 non
1905 286 2034 341 magis
2065 292 2128 328 est
2155 285 2314 344 proba-

157 344 266 389 bile:
303 358 386 387 nec
420 346 479 387 ita
515 343 600 386 hoc
626 358 783 386 nomen
810 343 1067 386 collocatum
1098 351 1181 396 est,
1219 351 1268 388 ut
1296 345 1351 387 ad
1379 345 1483 390 mihi
1510 355 1750 401 revocetur.
1806 349 1955 408 Itaque
1983 352 2209 409 legendum
2238 361 2315 399 aut

158 412 392 472 agricolae
416 435 475 443 —
506 410 591 455 deo
623 418 695 454 aut
724 411 978 470 agricolam
1006 410 1244 466 ——.deum‚
1281 420 1354 456 aut
1385 415 1421 456 si
1452 415 1682 472 agricolas
1712 417 1911 470 caelites,
1949 433 2039 462 non
2068 435 2199 464 unum
2229 421 2312 465 Sil-

158 495 316 524 vanum
345 479 573 536 intelligas,
602 479 829 538 agricolis.
878 480 977 522 Hoc
1005 481 1159 536 reponi
1187 494 1279 523 non
1309 480 1459 533 debet,
1490 483 1593 539 quin
1623 482 1754 526 deam
1782 486 1827 526 in
1856 484 1949 528 deis
1978 494 2183 531 mutetur:
2215 486 2311 533 nam

158 548 269 593 hanc
307 562 583 591 numerorum
621 550 794 604 gratiam
823 562 847 589 a
875 547 1090 590 veteribus
1128 562 1219 590 non
1256 549 1492 606 neglectam
1532 563 1647 603 esse,
1690 558 1873 594 constat:
1915 553 1992 596 sed
2031 557 2208 599 mutatio
2247 563 2313 601 est

157 616 316 675 paullo.
339 616 837 668 audaciorikre'statffi'ut
857 622 931 659 aut
956 616 1136 660 Mureto
1167 623 1240 659 aut
1270 617 1544 661 Lachmanno
1575 621 1828 677 consentias.
1885 619 1995 666 Mihi
2024 622 2189 666 Mureti
2218 625 2311 680 opi-

156 686 231 730 nio
259 684 492 742 probatur,
516 691 605 728 tum
633 686 744 741 quia,
763 683 1281 740 compendio'scripturae
1305 683 1435 742 deum
1455 685 1622 730 facilius
1646 685 1821 739 endec,
1839 702 1980 744 ‘quam
2004 703 2055 731 ex
2076 691 2310 748 agricolae

158 753 410 812 agricolam
428 753 547 795 nasci
564 754 857 809 potuit‚.tum‘·
875 751 1013 808 quod,
1043 751 1211 809 syllaba
1238 759 1312 795 um
1339 761 1560 797 extremam
1589 753 1735 799 sedem
1763 761 1955 808 tenente,
1983 750 2310 813 syllahaffamvin

157 821 300 864 medio
327 835 456 863 versu
484 822 632 877 posita·
650 821 848 873 suavitati
870 834 1153 863 numerorum
1183 819 1332 864 officit.
1385 821 1596 865 *Ceterum
1624 820 1735 865 deus
1763 823 1969 880 agricola
1998 823 2160 881 legitur·
2183 825 2309 869 etiam

154 888 269 933 infra
290 890 335 941 5,
358 889 427 932 27.
456 895 729 947 anteponere
758 895 899 931 autem
927 888 1176 946 prandium,
1215 903 1409 941 coenam,
1439 888 1560 933 cibos
1590 888 1736 942 alicui,
1765 892 1858 933 iam'
1877 904 1930 934 ex
1958 891 2112 935 Plauto
2147 898 2310 936 notum.

159 981 214 992 -
243 970 284 999 v.
315 957 384 999 22.
440 957 605 1000 Hostia
627 971 771 1014 parva
802 956 901 1000 soli.
958 957 1083 1000 Hanc
1113 958 1363 1013 scripturam
1394 957 1689 1004 Lachmannus
1720 964 1763 1000 et
1790 958 2016 1001 Dissenius
2042 961 2313 1003 retinuenmt

158 1024 452 1068 dissentientes
482 1040 507 1067 a
534 1025 733 1078 Murcto,
769 1027 839 1067 cui
865 1038 1034 1083 magna
1064 1024 1244 1081 placuit:
1259 1043 1263 1067 ς
1281 1027 1325 1069 in
1354 1040 1443 1083 quo
1474 1026 1672 1082 Heynius
1703 1039 1800 1068 eum
1831 1032 1873 1068 et
1901 1025 2150 1070 Huschkius
2176 1024 2312 1070 secuti

151 1099 270 1136 sunt.
325 1093 551 1149 Apparetf
571 1093 896 1136 hocdistichon
924 1095 988 1135 ita
1013 1100 1449 1150 comparatumvesse3
1485 1099 1533 1136 ut
1562 1092 1726 1149 singula
1755 1093 1929 1149 singulis
1955 1093 2052 1151 fere
2075 1092 2218 1137 verbis
2237 1107 2312 1138 ,το-

153 1159 430 1217 spondeant:
447 1168 555 1204 tunc
584 1179 652 1200 -·-⁴
667 1160 987 1211 nanc;,vitula.
1001 1179 1055 1194 ——·
1075 1173 1219 1220 agna3
1247 1162 1504 1206 innumeros
1524 1162 1734 1203 iuvencos
1757 1180 1813 1194 ·-
1834 1163 1987 1219 exigui
2008 1161 2128 1214 solis
2145 1161 2311 1207 lustra-

156 1226 236 1271 bat
259 1235 396 1271 'caesa
426 1251 482 1260 -
510 1226 659 1271 hostia
686 1235 766 1271 est.
822 1229 975 1271 Restat
1003 1245 1147 1287 parva
1175 1236 1249 1273 aut
1276 1244 1468 1288 magna:
1500 1244 1596 1272 nam
1626 1235 1768 1271 utrum
1794 1243 1942 1271 verum
1971 1231 2046 1280 sit,
2075 1228 2309 1286 ambigitur.

154 1294 255 1352 Qui
282 1310 450 1354 magna
477 1296 638 1339 malunt
667 1296 818 1349 scribi,
845 1299 1053 1340 rationem
1079 1297 1240 1340 habent
1269 1300 1424 1357 exigui
1449 1298 1556 1341 soli:
1585 1311 1675 1340 non
1698 1297 1807 1340 male
1829 1297 1944 1340 istud
1967 1297 2162 1353 quidem:
2189 1311 2311 1354 prae-

156 1370 271 1407 stare
307 1371 447 1408 tamen
480 1365 652 1408 videtur
677 1380 841 1423 parva:
871 1380 968 1422 quo
998 1365 1204 1409 attributo
1235 1373 1285 1409 et.
1303 1373 1453 1408 natura
1482 1366 1646 1408 hostiae
1675 1367 1878 1407 maximae
1907 1379 1932 1406 a
1960 1368 2100 1420 poetis
2127 1365 2224 1416 fere*
2245 1366 2310 1408 in·-

155 1435 358 1490 signitur,
394 1433 514 1476 velut
540 1433 694 1490 virgil.
723 1433 867 1490 Eclog.
889 1434 921 1477 I.
945 1434 992 1486 1,
1014 1434 1052 1477 7.
1109 1435 1216 1477 Hor.
1238 1433 1289 1478 C.
1308 1434 1458 1485 11.17‚
1487 1434 1578 1486 32„
1619 1439 1661 1476 et
1695 1433 1803 1476 illud
1843 1432 2047 1486 efficitur,
2084 1440 2153 1485 ut,
2190 1431 2311 1490 quod

98 1531 112 1539 -
152 1503 288 1544 totius
309 1501 398 1551 loci
417 1507 546 1558 caput
567 1507 647 1554 est,
678 1516 803 1558 quam
825 1502 991 1544 fuerint:
1003 1504 1168 1544 attritae
1190 1516 1294 1559 opes
1315 1501 1479 1544 Tibulli
1499 1502 1630 1557 magis
1655 1503 1782 1543 etiam
1804 1502 2096 1557 perspiciatur.
2126 1499 2258 1544 Ovid.
2277 1499 2310 1543 1.

154 1569 379 1628 ‘frist-131⁰,
402 1569 492 1622 434
530 1569 641 1612 hanc
664 1573 706 1613 si
733 1571 1185 1626 configerit2,:mritae
1204 1570 1337 1613 ,cadet
1360 1573 1472 1627 agna
1501 1572 1748 1612 Minervae:
1781 1570 1884 1612 Non
1918 1569 2017 1611 facit
2054 1569 2108 1612 ad
2144 1570 2311 1612 nostras

154 1636 297 1681 hostia
321 1639 468 1680 maior·
486 1643 604 1694 o'pes.
630 1655 687 1674 ·-·-
733 1653 771 1680 v.
792 1638 860 1681 25.
900 1637 988 1680 Iam
1007 1637 1145 1680 >mo'do
1171 1651 1475 1694 nonfpossum.
1492 1644 1717 1680 contentus
1744 1636 1892 1680 vivere
1918 1632 2057 1693 parvo
2074 1635 2175 1678 Nec
2200 1648 2311 1678 sem-

152 1717 236 1765 per
261 1706 415 1763 longae
444 1705 616 1748 deditus
646 1715 740 1748 esse
770 1707 882 1758 viae,
906 1705 1181 1760 ⁴Sedrmiis'·
1203 1708 1393 1748 aestivos·
1419 1712 1539 1748 ortus
1573 1708 1708 1747 vitare
1749 1703 1830 1747 sub
1859 1703 2022 1757 umbra,
2079 1702 2172 1745 Hic
2189 1702 2311 1746 locus

151 1774 284 1817 'valde
311 1775 499 1817 exercuit
525 1782 702 1817 acumen
733 1774 958 1816 doctorum
986 1775 1198 1826 virorum,
1232 1776 1420 1830 'quorum
1447 1774 1671 1830 opiniones
1701 1785 1913 1827 exponere
1944 1785 2099 1827 operae
2127 1771 2311 1826 pretium

160 1847 237 1885 est.
274 1842 341 1884 Ac
367 1840 586 1884 nonnullis
615 1841 789 1897 quidem
820 1852 971 1884 eorum
999 1840 1134 1885 modo
1165 1852 1342 1884 non—‘-
1361 1839 1453 1883 sed
1469 1842 1673 1896 'positum‘
1691 1838 1918 1880 videbatur
1945 1835 2308 1894 pronon-modo

152 1933 215 1949 ,-
245 1907 328 1953 sed
355 1910 489 1952 etiam
515 1915 589 1951 aut
616 1923 698 1965 pro
727 1924 822 1952 non
849 1908 984 1952 modo
1014 1922 1121 1950 non.
1166 1909 1291 1950 Haec
1315 1909 1479 1950 somnia
1505 1913 1627 1948 erant
1656 1906 1762 1947 vana
1792 1912 1835 1947 et
1861 1907 2015 1947 inania.
2062 1903 2148 1946 Alii
2173 1901 2308 1947 modo

151 1983 254 2021 non
278 1981 487 2033 putarunt
518 1987 611 2017 esse
644 1973 988 2032 propemodum,
1011 1988 1187 2028 graece.
1207 1971 1482 2030 ,έιαυὰυσυχίς
1527 1972 1648 2029 quod
1683 1973 1751 2014 hic
1782 1972 1953 2029 quidem
1979 1970 2173 2028 putiduu'i
2198 1970 2312 2014 foret

160 2051 290 2101 atque
310 2046 513 2099 ineptum.
549 2041 797 2083 Huschkius
818 2041 1073 2096 excogitavit
1087 2039 1187 2081 Iam·
1203 2054 1417 2096 possum&
1433 2038 1569 2083 modo
1590 2051 1683 2082 non
1703 2045 1957 2089 contentus,
1985 2040 2131 2081 vivere
2146 2051 2310 2096 parvo:

158 2111 284 2169 ¹*quod
303 2117 416 2153 certe
437 2107 636 2161 Tibullo,
665 2107 845 2164 eleganti
871 2121 922 2148 ac
943 2113 1073 2149 terso.
1093 2107 1327 2162 scriptore,
1356 2114 1534 2162 prorsus
1561 2106 1781 2161 indignum
1811 2113 1888 2147 est.
1918 2107 2114 2162 Heynius
2136 2104 2310 2161 diligen-

164 2181 322 2223 tissime
346 2179 392 2220 in
418 2177 503 2219 hoc
529 2175 629 2218 loc'o
659 2174 914 2232 explicando-
938 2181 1130 2216 versatus
1158 2180 1279 2216 acute
1306 2173 1421 2216 vidit
1441 2171 1576 2215 verba
1605 2178 1842 2215 con-tentus
1868 2186 2011 2229 parvo
2039 2173 2198 2215 vivere*
2213 2184 2310 2228 spe..

161 2254 288 2299 ctare>
307 2245 371 2297 id,
407 2243 527 2301 quod
554 2252 684 2300 supra
715 2242 836 2294 dixit,
873 2257 944 2285 me
971 2257 1070 2285 mea
1097 2248 1362 2299 paupertas:
1396 2240 1476 2302 ¹illa
1506 2246 1646 2283 autem
1674 2242 1816 2283 vitare
1850 2239 1930 2282 sub
1969 2239 2125 2282 umbra
2160 2238 2311 2282 referri

161 2315 220 2360 ad
245 2313 380 2356 verba
408 2310 622 2355 traducat
646 2312 764 2354 vitae
790 2311 943 2360 inerti;
980 2310 1135 2352 deinde
1165 2309 1365 2352 laborans
1393 2311 1439 2351 in
1466 2307 1795 2364 interpretandis
1823 2306 1965 2350 verbis
1989 2307 2160 2365 longae
2189 2303 2310 2349 dedi-

163 2389 238 2428 tus
272 2396 369 2425 esse
402 2381 500 2429 viae
531 2389 624 2423 non
661 2385 809 2435 aperte
846 2378 1040 2435 quidem,
1080 2378 1163 2421 sed
1196 2381 1254 2421 ita
1283 2384 1443 2429 tamen,
1466 2383 1530 2419 *ut
1558 2378 1758 2433 cognosci
1784 2378 1938 2435 possit,
1976 2377 2183 2432 proponit
2209 2384 2309 2424 con-

162 2453 391 2495 iecturam:
426 2461 509 2490 nec
541 2457 717 2504 semper
746 2446 914 2504 longae
942 2444 1093 2488 taedia
1113 2445 1250 2499 ferre
1275 2447 1386 2488 viae.
1444 2445 1567 2486 Haec
1594 2443 1707 2486 haud
1740 2440 1872 2485 dubie
1901 2442 2092 2494 faciliora
2120 2447 2221 2484 sunt
2245 2442 2309 2484 in-

157 2517 364 2563 tellectu:
402 2514 508 2559 nihil
548 2514 739 2571 amplius.
806 2513 1100 2556 Lachmannus
1140 2516 1388 2570 comparans
1413 2512 1445 2554 Ι.
1469 2512 1517 2563 2,
1544 2511 1611 2554 71.
1649 2512 1847 2567 opinatur
1883 2508 2156 2552 scribendum
2189 2521 2309 2551 csse:

160 2588 254 2631 iam
281 2581 416 2626 modo
445 2584 485 2625 si
509 2583 698 2640 possim»,
727 2587 775 2624 ut
803 2581 908 2623 haec
935 2582 1163 2637 iungantur
1191 2595 1286 2623 cum
1314 2579 1456 2623 verbis
1485 2578 1858 2621 antecedentibus:
1887 2580 1940 2620 ac
1963 2585 2195 2634 propterea
2220 2574 2308 2618 for-

161 2663 275 2702 tasse
309 2652 517 2711 virgulam
552 2654 698 2710 posuit
733 2658 834 2708 post
870 2664 1019 2696 vocem
1056 2648 1198 2693 cadet.
1258 2649 1422 2693 Contra
1451 2647 1553 2691 dicit
1580 2648 1826 2699 Dissenius,
1866 2660 1946 2689 nec
1967 2647 2137 2688 iniuria.
2192 2642 2308 2686 Nam

164 2726 390 2780 utriusque
428 2721 515 2765 loci
549 2722 669 2773 ratio,
695 2720 860 2764 differt:
901 2732 991 2762 non
1026 2717 1194 2761 dubitat
1228 2716 1447 2768 Tibullus,
1484 2730 1587 2758 num
1615 2717 1749 2772 possit
1777 2721 2001 2758 contentus
2028 2715 2193 2764 vivere,
2231 2710 2337 2765 seda

163 2793 321 2852 gaudet
346 2791 412 2834 his
441 2792 528 2833 suis
556 2789 705 2833 bonis:
743 2789 925 2833 laetatur
952 2785 1217 2830 iucunditate
1246 2788 1361 2829 vitae
1395 2785 1598 2836 rusticae,
1636 2786 1756 2826 cuius
1791 2784 1996 2826 securitas
2033 2787 2159 2837 atque
2195 2785 2311 2822 tran·

166 2861 351 2920 quillitas
379 2866 474 2902 toto
503 2858 587 2902 hoc
606 2859 799 2901 carmine
827 2871 922 2899 cum
951 2853 1154 2912 periculis
1183 2860 1226 2896 et
1252 2852 1458 2896 molestiis
1485 2853 1662 2897 militiae·
1687 2854 1966 2910 componitur.
2005 2850 2144 2893 Etiam
2166 2847 2310 2903 Grup-

111 2983 113 2985 ,
162 2932 262 2988 pius
304 2929 550 2973 adversatus
586 2926 654 2972 'est
694 2926 968 2970 Lachmanno
983 2953 1006 2976 ‚›
1037 2921 1114 2967 sed
1150 2921 1265 2964 haud
1300 2923 1390 2965 scio
1427 2934 1482 2965 an
1520 2920 1630 2966 nulli
1668 2923 1759 2965 eius
1799 2922 2043 2964 coniectura
2079 2914 2306 2974 probetur:
