2462 3112
1208 118 1314 162 XVI

185 245 416 297 sequentes
442 252 594 283 versus
632 240 841 296 incipiunt
880 238 935 282 ab
975 238 1126 282 iisdem
1156 239 1302 282 verbis
1331 254 1464 298 quam
1492 241 1602 284 cito:
1635 254 1733 283 nam
1761 242 1882 284 etiam
1911 241 1956 283 in
1985 240 2069 284 hoc
2095 246 2248 294 versu,
2279 239 2356 291 de,

187 323 276 366 quo
297 323 411 351 nunc
432 310 585 365 agitur,
612 308 719 350 haec
738 311 830 364 ipsa
849 307 982 350 verba
1001 310 1180 363 primum
1201 307 1355 364 pedem
1377 307 1592 351 obtinent:
1622 308 1731 351 ordo
1753 316 1893 352 autem
1913 307 2340 354 verborum-tramite
2397 316 2399 320 ⁴

186 382 314 419 aetas
345 391 479 434 quam
500 379 587 420 cito
614 378 710 433 ipso
733 376 886 418 horum
906 375 1135 418 verborum
1156 375 1350 431 pondere
1372 377 1625 418 constitutus
1649 382 1723 418 est.
1761 375 1888 431 Quae
1911 382 1974 419 est
1996 379 2111 419 varia
2132 377 2341 432 scriptura

184 443 238 495 it,
279 445 320 486 ei
349 446 384 486 si
415 450 525 486 esset
553 443 664 485 fides
696 442 913 495 habenda,
951 450 1099 500 posset
1128 457 1228 485 sane
1262 444 1525 499 interpungi,
1563 449 1613 485 ut
1641 443 1840 486 nonnulli
1875 443 2128 486 voluerunt:
2165 444 2341 487 transiet

188 517 315 554 aetas.
378 511 521 567 Quam
552 514 638 554 cito
667 525 758 554 non
787 513 925 568 segnis
960 513 992 553 it
1019 517 1264 567 remeatque
1294 510 1404 554 dies:
1439 517 1481 552 at
1508 510 1634 553 huius
1663 513 1897 567 scripturae
1926 510 2035 553 fides
2064 510 2237 554 vacillat
2266 509 2341 554 vel

185 580 330 635 potius
359 580 478 621 iacet.
527 577 629 621 Stat
656 580 822 635 egregie
847 580 1092 635 oppositum
1124 585 1187 620 est
1209 577 1344 621 verbo
1373 580 1553 621 transiit
1582 586 1739 622 etcum
1770 579 1939 621 delectu
1959 579 2139 622 videtur‘
2157 593 2182 621 a
2208 585 2340 635 poeta

183 649 369 703 positum
401 661 505 690 esse.
549 648 698 689 Horat.
722 647 772 690 C.
796 647 868 689 111.
893 648 968 700 28,
995 647 1053 688 6.:
1083 660 1134 687 ac
1161 645 1296 688 veluti
1325 652 1407 688 stet
1435 645 1623 689 volucris
1654 647 1746 689 dies
1777 647 1921 689 Parcis
1953 646 2153 702 deripere
2179 645 2338 690 horreo

124 723 129 726 '
181 714 435 759 *Cessantem
466 747 475 756 .
493 747 501 756 .
520 747 529 757 .
559 715 814 771 amphoram.
854 716 1149 758 Veruntamen
1172 715 1491 757 consideremus
1514 714 1660 771 paullo
1684 714 1922 770 diligentius
1946 714 2054 755 haec
2074 715 2167 769 ipsa
2181 710 2338 756 verba:

184 797 278 826 non
318 784 470 840 segnis
506 788 600 825 stat
639 789 895 840 remeatque
933 781 1038 825 dies.
1097 782 1316 825 Sententia
1346 782 1516 825 videtur
1544 781 1668 838 plana
1699 795 1790 823 esse
1821 788 1864 823 et
1902 781 2115 836 expedita:
2155 786 2341 824 attamen

185 850 288 892 mihi
317 849 469 892 accidit
499 852 644 892 nescio
675 864 763 906 quo
784 849 936 901 modo,
966 855 1015 891 ut
1048 863 1142 891 cum
1172 851 1407 892 accuratius
1440 864 1530 905 eam
1557 851 1877 900 examinassem‚
1908 848 2166 899 dubitarem,
2193 847 2340 891 haere—

183 931 287 959 rem.
347 917 628 959 Manifestum
667 924 747 968 est,
786 931 915 959 voces
943 932 1037 960 non
1072 920 1225 976 segnis
1261 932 1350 961 non
1386 918 1517 961 modo
1547 933 1642 960 cum
1670 917 1804 960 verbo
1834 923 1947 968 stat,
1987 916 2215 959 sed-etiam
2243 929 2338 959 cum

186 983 322 1027 verbo
353 990 524 1026 remeat
553 983 818 1039 copulandas
849 997 962 1025 esse:
991 992 1127 1027 verte:
1157 985 1274 1028 nicht
1304 986 1363 1028 als
1393 988 1461 1028 ein
1483 991 1623 1042 trager
1652 985 1760 1027 steht
1788 984 1879 1026 und
1898 983 2024 1025 kehrt
2045 983 2226 1035 zuruck,
2254 985 2282 1026 i.
2303 997 2338 1026 e.

179 1067 275 1096 non
299 1055 485 1109 segniter
504 1059 583 1095 stat
601 1059 846 1108 remeatque
866 1052 967 1094 dies.
1000 1053 1155 1103 Recte,
1184 1054 1340 1108 inquit,
1370 1055 1405 1095 si
1434 1066 1521 1095 non
1547 1054 1739 1107 segniter>
1758 1058 1860 1103 stat,
1890 1051 2091 1093 celeriter
2110 1052 2163 1100 it;
2191 1051 2228 1093 si
2248 1063 2338 1093 non

183 1122 368 1177 segniter
388 1127 566 1172 remeat,
597 1120 795 1162 celeriter
810 1127 984 1162 remeat.
1021 1120 1163 1177 Belle:
1194 1120 1298 1177 quid
1324 1120 1463 1163 valeat
1491 1119 1585 1162 dies
1603 1121 1655 1170 it,
1683 1118 1822 1175 probe
1841 1121 1951 1160 scio:
1979 1111 2177 1172 intelligo
2194 1114 2336 1168 etiam,

183 1203 279 1231 cum
309 1188 428 1243 lego:
466 1187 543 1230 Sol
571 1190 689 1243 itque
720 1187 919 1243 reditque
948 1195 1019 1230 aut
1048 1188 1329 1229 Horatianum
1358 1187 1486 1229 illud:
1523 1186 1711 1228 truditur
1749 1185 1842 1227 dies
1878 1185 1947 1227 die
1980 1197 2210 1240 novaeque
2238 1197 2336 1240 per-

184 1262 288 1312 gunt
318 1257 493 1297 interire
521 1255 649 1297 lunae
677 1262 756 1297 cet.
788 1254 937 1308 ((3.11.
955 1254 1028 1305 18,
1052 1255 1154 1307 15):
1185 1262 1226 1296 at
1253 1257 1289 1297 it
1317 1253 1519 1311 reditque
1544 1269 1625 1296 seu
1654 1259 1909 1310 remeatque
1934 1251 2048 1295 dies:
2075 1251 2180 1308 quid
2201 1253 2338 1310 istuc?

172 1325 349 1380 -Nempe
389 1323 515 1375 alius,
554 1325 704 1378 inquit.
772 1323 831 1365 At
868 1323 1070 1378 scriptum
1111 1327 1192 1364 est:
1232 1336 1326 1364 non
1363 1323 1516 1379 segnis
1553 1327 1646 1363 stat
1684 1326 1939 1377 remeatque
1975 1318 2088 1362 dies:
2129 1320 2336 1371 sentisne,
2365 1319 2372 1322 ”

183 1405 317 1434 unum
348 1382 634 1446 eundemque
653 1389 763 1432 diem
795 1389 878 1431 dici
907 1403 996 1431 non
1026 1404 1195 1445 segnem
1224 1397 1335 1431 stare
1367 1396 1408 1431 et
1436 1390 1652 1431 remeare?
1709 1388 1841 1430 Immo
1872 1386 1965 1430 dies
1993 1387 2077 1429 hoc
2103 1386 2202 1429 loco
2221 1389 2338 1429 ‘tem-

181 1474 266 1516 pus
295 1457 516 1514 significat.
556 1457 805 1500 Concedam
835 1456 966 1512 idque
996 1470 1085 1498 non
1114 1458 1292 1498 invitus:
1322 1454 1399 1498 sed
1429 1456 1591 1498 haesito
1626 1461 1783 1505 tamen,
1812 1469 1909 1496 nam
1938 1460 2105 1510 tempus
2133 1467 2230 1496 non.
2251 1467 2337 1496 ma-

182 1529 243 1584 gis
283 1532 462 1577 remeat,
506 1539 633 1580 quam
672 1523 842 1566 flumen.
900 1523 1050 1579 Virgil.
1080 1523 1237 1579 Georg.
1260 1523 1312 1565 ΙΙ.
1343 1523 1460 1565 284.;
1508 1522 1614 1579 fugit
1651 1522 1930 1578 irreparabile
1967 1530 2147 1578 tempus.
2182 1520 2336 1565 ovid.

184 1595 276 1637 Art.
297 1594 435 1636 Amat.
455 1592 528 1634 ΙΙΙ.
551 1592 640 1633 622.
659 1597 763 1633 eunt
791 1592 888 1632 anni
917 1604 1037 1632 more
1068 1590 1240 1631 fluentis
1271 1604 1407 1645 aquae
1428 1590 1528 1632 Nec
1549 1604 1658 1645 quae
1680 1591 1900 1646 praeteriit
1930 1591 2087 1631 iterum
2115 1588 2340 1632 revocabi-

152 1709 158 1711 ξ
185 1669 257 1705 tur
282 1660 419 1712 unda,
451 1660 551 1702 Nec
581 1672 693 1714 quae
722 1659 958 1722 praeteriit,
991 1657 1096 1699 hora
1125 1656 1266 1699 redire
1295 1663 1449 1712 potest.
1492 1657 1710 1699 Utendum
1741 1663 1803 1699 est
1832 1663 1990 1698 aetate:
2021 1658 2106 1698 cito
2135 1655 2250 1712 pede
2277 1655 2338 1699 la-

185 1729 304 1772 bitur
331 1735 458 1771 aetas.
514 1727 685 1778 Dicam,
717 1725 821 1782 quid
849 1724 951 1767 mihi
983 1726 1028 1766 in
1058 1731 1239 1766 mentem
1269 1726 1453 1766 venerit:
1492 1723 1720 1780 legendum
1749 1723 1850 1765 mihi
1877 1723 2066 1766 videtur:
2105 1723 2162 1765 At
2189 1725 2225 1766 si
2253 1729 2338 1767 tar·

186 1797 266 1841 dus
290 1799 391 1848 eris,
419 1793 600 1837 errabis:
630 1796 796 1836 transiit
821 1800 933 1835 aetas
964 1792 1104 1848 Quam
1134 1794 1239 1834 cito!
1269 1806 1359 1834 non
1388 1794 1508 1848 segni
1537 1798 1619 1834 stat
1645 1798 1862 1834 remeatve
1883 1790 1985 1834 dies.
2020 1790 2184 1835 »Nicht
2201 1789 2338 1835 bleibt

177 1865 257 1908 fiir
286 1864 371 1907 den
400 1863 629 1919 S'aumigen
657 1862 914 1917 (L‘assigen)
944 1861 1092 1903 stehen
1123 1859 1233 1902 oder
1266 1859 1393 1902 kehrt
1421 1859 1584 1902 zurtick
1615 1859 1692 1902 der
1722 1860 1868 1915 Tag«.
1926 1859 2111 1901 Literam
2139 1872 2244 1901 ενοι
2270 1873 2337 1902 se·

185 1934 336 1990 quenti
371 1945 479 1973 voce
515 1937 609 1973 stat
642 1929 752 1971 male
793 1930 1000 1984 appictam
1037 1930 1134 1969 voci
1171 1929 1323 1985 segnis
1352 1927 1523 1969 sustuli:
1561 1942 1616 1969 ve
1644 1932 1725 1983 pro
1756 1941 1840 1984 que
1870 1928 2063 1982 reposuit
2090 1926 2337 1970 iam'Hein—

186 2002 295 2049 sius3
327 2005 368 2041 et
397 1999 631 2040 sexcenties
659 1996 733 2038 has
762 2009 892 2038 voces
922 2009 946 2036 a
973 1994 1156 2037 librariis
1187 2000 1459 2036 commutatas
1487 2007 1598 2046 esse,
1628 2000 1805 2036 constat.
1850 1993 1948 2048 Ipsa
1972 1995 2188 2038 sententia
2211 2007 2336 2049 quam

187 2069 243 2110 sit
270 2069 340 2117 iis,
370 2079 482 2121 quae
511 2063 643 2106 modo
675 2065 866 2119 exposita
895 2068 1011 2114 sunt,
1043 2068 1346 2112 consentanea,
1376 2075 1466 2103 non
1496 2075 1605 2117 opus
1636 2067 1699 2103 est
1729 2060 1897 2103 docere.
1931 2084 1981 2091 -—
2040 2059 2194 2102 Paullo
2225 2059 2336 2104 infra

188 2137 255 2190 (v.
284 2134 366 2187 30)
397 2132 521 2184 alba,
560 2145 649 2174 non
676 2131 774 2173 alta
803 2129 1054 2186 legendum:
1092 2143 1161 2170 res
1188 2130 1257 2180 iis,
1295 2142 1405 2183 quae
1434 2130 1515 2169 viri
1543 2127 1661 2170 docti
1690 2128 1744 2170 de
1775 2127 1859 2169 hoc
1887 2126 1987 2169 loco
2021 2126 2335 2179 disseruerunt,

188 2208 402 2246 transacta
441 2207 515 2242 est.
556 2223 626 2245 —7
667 2213 707 2240 v.
735 2198 804 2241 32.
865 2197 947 2250 Qui
979 2198 1106 2255 prior
1137 2195 1247 2238 Eleo
1286 2196 1417 2250 [est]
1459 2209 1640 2238 carcere
1662 2196 1835 2237 missus
1869 2208 2019 2250 equus.
2074 2193 2336 2238 Praestitisse

187 2272 303 2314 hunc
333 2283 490 2325 equum
519 2268 768 2323 pernicitate
798 2271 925 2321 atque
954 2264 1137 2315 viribus,
1163 2263 1413 2320 intelligitur
1443 2277 1494 2305 ex
1525 2276 1597 2314 eo,
1626 2261 1746 2318 quod
1776 2261 1831 2303 ad
1856 2260 2085 2318 Olympica
2107 2264 2335 2304 certamina

187 2341 341 2381 missus
372 2343 448 2378 est.
505 2336 709 2377 Horatius
741 2332 911 2386 (Carni.
936 2332 985 2374 ll.
1008 2331 1082 2382 16,
1106 2332 1188 2384 35)
1222 2345 1372 2387 equam
1404 2331 1751 2386 praestantiorem
1781 2328 1883 2371 dicit
1911 2335 2064 2386 aptam
2091 2327 2334 2387 quadrigis.

190 2407 298 2450 Non
333 2418 462 2460 posse
498 2416 650 2444 vocem
686 2403 813 2458 prior
844 2415 938 2442 cum
967 2398 1102 2441 verbo
1132 2401 1291 2441 missus
1321 2399 1538 2453 coniungi,
1575 2396 1843 2439 manifestum
1874 2402 1956 2438 est:
1995 2409 2092 2437 nam
2115 2397 2244 2452 prior
2269 2394 2337 2439 di-

189 2474 344 2523 scessi,
383 2470 487 2521 abii,
526 2468 781 2526 profectus,
818 2469 976 2509 missus
1013 2481 1111 2508 sum
1148 2465 1352 2522 significat
1376 2464 1568 2517 frither,
1605 2478 1662 2506 sc.
1693 2478 1819 2520 quam
1849 2462 1954 2504 alius
1982 2461 2052 2504 vel
2089 2461 2178 2504 alii:
2216 2462 2337 2519 quod

189 2542 276 2585 hoc
311 2541 411 2583 loco
448 2538 681 2580 absurdum
717 2537 831 2578 foret
869 2535 994 2588 (vide
1024 2532 1291 2575 Brouckhus.
1322 2531 1376 2574 ad
1406 2532 1446 2573 h.
1474 2530 1542 2584 1.).
1605 2531 1765 2586 Neque
1800 2530 2126 2587 praestantior,
2161 2531 2335 2586 potior,

190 2609 350 2652 melior
380 2613 444 2649 est
470 2607 615 2663 prior,
639 2611 703 2646 ut
732 2610 847 2646 recte
876 2603 1072 2659 Heynius
1107 2607 1255 2642 contra
1281 2599 1488 2655 Vulpium
1521 2599 1703 2640 monuit:
1743 2610 1852 2653 opus
1883 2603 1990 2638 esset
2019 2595 2187 2650 adjecto
2217 2594 2336 2638 abla-

190 2679 282 2721 tivo
309 2677 390 2726 rei,
421 2676 539 2715 cuius
560 2679 711 2715 natura
732 2673 815 2713 vim
837 2670 951 2713 illius
974 2670 1092 2711 vocis
1115 2670 1369 2710 immutatam
1390 2666 1616 2716 indicaret,
1644 2671 1693 2707 ut
1717 2665 1957 2722 sanguine,
1985 2661 2165 2713 viribus,
2189 2661 2335 2706 laude.

193 2742 447 2799 Intelligitur
474 2753 607 2796 porro
637 2744 817 2781 senecta
845 2737 1088 2792 oppositum
1119 2748 1211 2776 esse
1239 2735 1377 2791 prior.
1414 2732 1634 2788 Quicquid
1660 2733 1788 2788 igitur
1815 2731 1916 2774 dicit
1940 2731 2194 2781 Dissenius,
2214 2731 2335 2774 euius

195 2811 454 2867 diligentiam
490 2810 535 2849 in
571 2804 887 2862 interpretanda
926 2803 1004 2844 hac
1041 2816 1152 2844 voce>
1185 2801 1457 2843 vehementer
1495 2800 1713 2850 desidero,
1749 2800 1876 2856 prior
1914 2803 2004 2839 non
2032 2797 2216 2860 quidem
2250 2810 2334 2854 pro

193 2881 318 2937 prius
348 2883 420 2918 aut
449 2875 554 2918 olim
580 2876 764 2930 positum
795 2880 876 2924 est,
907 2871 1002 2922 sed,
1030 2871 1259 2912 arctissime
1289 2867 1530 2924 copulatum
1560 2882 1654 2909 cum
1681 2868 1933 2923 pronomine
1962 2866 2054 2922 qui,
2090 2864 2335 2921 fere'parti-

196 2948 297 3003 cipii
331 2944 474 2987 locum
510 2943 649 2985 tenet:
690 2938 908 2984 »welches
948 2938 1009 2981 als
1048 2939 1117 2980 ein
1152 2936 1344 2980 traheres
1381 2938 1407 2979 i.
1448 2950 1483 2979 e.
1521 2937 1720 2993 jungeres
1757 2933 1971 2991 geschickt
2006 2931 2202 2975 worden«
2223 2932 2278 2974 ist
2289 2947 2334 2973 κ.
