2462 3112
1119 117 1122 122 ’
1167 122 1394 183 mvm

216 237 363 293 partio.
394 234 584 283 Toml,
613 249 653 290 p.
680 233 778 275 193.
811 254 862 269 --.·
894 233 1225 277 C.x111.v..1.
1259 234 1409 278 Nulla
1434 242 1556 280 tuum
1574 238 1727 283 :nobis
1736 240 1951 285 subducet
1965 241 2142 295 ffflitiniz
2169 243 2349 303 limtfflb

218 303 464 359 Explicant':
500 301 616 344 nul-la
646 301 798 344 femina
828 300 1046 344 lenociniis
1077 301 1235 345 formae
1263 311 1334 345 aut
1361 303 1451 348 aliis
1479 305 1640 348 artibus
1667 316 1750 351 me
1762 308 1838 352 abs
1865 316 1921 352 te
1934 324 2121 367 unquam
2148 311 2345 358 abducet.

217 370 286 413 Et
298 377 371 412 est
405 369 510 412 haec
537 368 766 412 verborum
795 371 1016 412 sententia.
1073 371 1210 426 Apud
1223 371 1428 427 P-ropert
1441 373 1485 424 l,
1507 374 1552 426 8,
1580 374 1654 417 45:
1688 376 1830 420 rivalis
1858 384 1996 421 certos
2025 386 2205 423 amores
2215 381 2346 425 dle-i

211 437 417 482 subducit
446 443 486 479 et
515 436 554 487 I,
584 437 656 486 13,
684 436 741 478 28
764 436 934 492 puella
941 443 1029 479 non
1056 439 1166 480 sinet
1186 437 1341 481 abduci
1361 448 1602 485 amatorem.
1630 444 1785 499 Atque.
1799 447 1843 486 si·
1862 445 1978 501 qnid
1993 446 2134 490 alicui
2142 447 2348 493 subducis-

218 513 306 558 tutz,
334 519 414 564 req
434 507 492 556 ei,¹
514 519 615 549 non
642 507 754 561 ipse
763 507 828 547 nei
854 505 1007 547 callide
1032 505 1109 547 vel
1132 506 1424 550 fraudulenter
1455 511 1640 564 eripitur.
1697 512 1792 553 Hoc
1820 511 1918 554 loco
1950 521 2078 569 poeta
2105 530 2194 558 non
2218 516 2345 573 {paoli

217 574 314 618 lam
327 572 437 624 sibi,
467 572 544 617 sed
568 586 618 615 se
647 572 813 629 puellae
840 580 965 629 negat
994 572 1062 615 ab
1076 573 1162 616 ulla
1190 574 1366 617 muliere
1394 589 1580 632 unquam
1611 585 1799 634 ereptum
1827 581 1891 622 iri.
1938 580 2221 638 Inteltigitur,
2231 585 2345 627 Pro-

168 655 170 657 ’
217 644 406 699 portium
428 643 622 697 proprie,
651 640 866 685 &libanum
891 644 1119 697 improprie
1147 641 1333 684 locutum
1365 658 1468 686 esse.
1509 645 1620 686 Nam
1649 645 1779 688 verba
1811 646 1948 689 nobis
1962 647 2183 699 subducet
2195 651 2345 695 ¹valent:

211 710 320 755 ‚mtlzi
348 726 414 754 ex
435 712 579 755 animo
609 707 840 753 subducet:
877 709 1021 763 paullo
1052 709 1252 754 audacius
1279 719 1417 759 tamen
1447 711 1509 753 his
1537 712 1723 756 adiunxit
1759 714 1921 758 lectum
1954 718 1981 758 ἰ.
2011 730 2048 758 e.
2077 721 2242 761 amotis
2250 718 2346 762 «fur-

217 780 312 824 ttssvi
307 777 698 832 consuetudinem:
737 779 797 819 sic
821 779 1001 819 animum
1032 792 1055 820 a
1077 776 1256 832 figurata
1280 778 1399 820 verbi
1420 777 1634 822 subducet
1660 781 1963 837 significatione
1990 798 2135 827 rursus
2163 784 2230 828 ad
2245 795 2346 842 prm

211 850 363 904 &priam
375 846 573 891 eiusdem
602 844 802 887 vocabuli
830 848 913 887 vim
942 845 1134 888 traducit.
1165 846 1312 889 uox-‚at
1335 847 1410 898 IV,
1441 848 1512 897 11,
1543 848 1615 889 32:
1647 850 1738 890 Nec
1758 853 1865 891 enim
1885 851 2060 906 posthac
2087 852 2171 894 alia·
2195 853 2347 897 calebo

217 917 383 960 femina.
413 938 466 948 -·—
506 915 591 957 Pro
626 912 752 956 nobis
783 915 887 956 mira
926 928 1143 969 germanae
1179 916 1411 970 scripturae
1453 915 1756 971 depravatione
1791 920 1835 959 in
1864 921 2009 974 paucis
2045 918 2164 963 libris
2188 920 2349 978 legitur

218 983 369 1027 titulis.
407 981 517 1024 conf.
557 988 696 1023 tamen
725 980 913 1023 Huschk.
944 988 1084 1023 annot.
1114 980 1166 1024 ad
1197 982 1235 1023 h.
1261 981 1289 1023 l.
1319 1005 1373 1014 -
1412 998 1449 1025 v,
1479 984 1518 1024 2.
1565 987 1715 1027 iuncta
1748 984 1911 1028 Penus.
1959 988 2080 1029 Haec
2110 989 2345 1032 Homericis

219 1051 453 1108 ὁμωθῆναι
483 1047 674 1102 φιλότητι
704 1048 888 1090 conferri
915 1056 1102 1103 possunt.
1164 1049 1294 1104 Quod
1323 1053 1368 1092 in
1396 1051 1488 1093 cod.
1519 1052 1622 1108 Reg.
1651 1052 1804 1108 legitur
1828 1061 1963 1110 pacta
1993 1057 2196 1112 originem
2229 1057 2347 1106 duxit

219 1135 271 1164 ex
306 1119 643 1174 frequentissima
680 1116 752 1158 illa
792 1116 1008 1158 locutione
1033 1115 1208 1170 foedus
1242 1120 1428 1173 pacisci:
1469 1133 1578 1174 quae
1616 1135 1693 1175 per
1727 1135 1773 1163 se
1810 1122 1946 1177 proba
1982 1124 2080 1166 huic
2116 1127 2344 1168 tenen-mimo

209 1189 374 1238 ⁴amoris
410 1185 576 1228 foederi
609 1199 756 1241 parum
793 1184 1106 1226 accommodata
1148 1192 1221 1227 est.
1278 1186 1421 1228 Altera
1460 1194 1595 1228 autem
1634 1190 1841 1244 scriptura
1870 1193 2018 1233 vincta
2056 1206 2136 1234 usu
2174 1192 2346 1249 quidem

212 1254 434 1312 loquendi
457 1253 665 1304 firmatur,
706 1251 782 1296 sed
813 1266 899 1294 non
929 1253 1063 1294 minus
1093 1251 1147 1293 ab
1178 1253 1259 1294 hoc
1287 1253 1385 1296 loco
1416 1254 1555 1296 aliena
1585 1263 1658 1297 est.
1707 1257 1819 1298 Nam
1856 1257 1976 1313 quod
2012 1258 2167 1301 foedus
2191 1262 2347 1303 initum

213 1332 311 1376 rest,
333 1323 374 1366 id
403 1335 492 1365 non
522 1323 724 1364 continuo
748 1323 939 1363 vinctum
969 1328 1048 1362 est:
1084 1321 1200 1377 quod
1231 1321 1322 1363 sola
1349 1325 1503 1378 gratiae
1531 1330 1572 1364 et
1602 1323 1921 1366 consuetudinis
1950 1326 2235 1369 diuturnitatev>
2253 1327 2346 1370 effi-

218 1396 339 1435 citur.
370 1415 425 1423 —-
452 1405 490 1431 v.
521 1390 559 1431 3.
593 1388 659 1431 Τιι
688 1387 790 1430 mihi
818 1389 916 1431 sola
944 1389 1106 1446 places.
1151 1389 1336 1444 Scaliger
1366 1405 1413 1431 ex
1442 1393 1528 1432 suis
1558 1389 1694 1440 libris,
1725 1391 1879 1447 quibus
1910 1393 2186 1448 plurimorum
2210 1394 2347 1438 libro·

218 1476 312 1503 rum
343 1460 568 1502 auctoritas
597 1456 775 1507 accedit,
804 1456 936 1498 modo
962 1471 1039 1511 pro
1070 1455 1171 1499 mihi
1192 1457 1319 1499 dedit.
1354 1457 1539 1513 Vulgata
1561 1466 1695 1500 tamen
1724 1459 1885 1515 placuit
1902 1460 2196 1512 Broukhusio‚
2225 1463 2347 1519 Hey-

218 1530 310 1578 nio,
342 1526 579 1569 Huschkio:
610 1538 698 1566 non
728 1527 826 1566 item
857 1524 1150 1575 Lachmanno‚
1194 1527 1267 1580 qui
1298 1525 1512 1580 Scaligero
1539 1542 1732 1569 assensus
1763 1535 1836 1570 est.
1885 1529 2081 1584 Heynius
2112 1537 2156 1571 et
2181 1531 2347 1573 Husch-

218 1596 315 1638 kius
344 1593 480 1636 modo
509 1600 651 1635 natum
680 1600 830 1647 putant
859 1592 1110 1647 compendio
1141 1595 1389 1647 scripturae,
1418 1595 1553 1648 iisque
1583 1594 1835 1650 suffragatur
1863 1595 2234 1653 Dissenius.sEgo
2256 1611 2347 1640 non

219 1663 370 1706 dubito
393 1661 582 1718 quidem,
612 1662 714 1716 quin
735 1661 895 1703 Romae
924 1660 1024 1701 olim
1047 1659 1160 1701 bona
1190 1675 1284 1715 pars
1315 1661 1526 1702 homiuum
1554 1664 1610 1703 ita
1629 1662 1771 1703 locuta
1801 1665 1870 1704 sit:
1899 1663 2049 1717 vulgus
2073 1666 2197 1705 etiam
2218 1665 2346 1708 hodie

220 1731 336 1788 apud
367 1745 445 1772 nos
476 1743 601 1784 saepe
631 1728 782 1770 eodem
812 1727 941 1769 modo
972 1727 1162 1782 loquitur
1192 1743 1277 1769 nw-
1307 1728 1441 1770 allein
1478 1743 1617 1783 neque
1648 1732 1787 1771 omnia
1817 1736 1914 1771 sunt
1941 1730 2172 1773 reficienda
2191 1763 2201 1781 ‚
2238 1747 2348 1788 qnae

219 1799 408 1854 vulgaria
437 1797 663 1840 videantur
693 1810 811 1838 esse:
842 1805 919 1836 nec
945 1802 1081 1836 tamen
1110 1795 1265 1850 plebeii
1294 1798 1498 1838 sermonis
1528 1811 1608 1838 usu
1636 1799 1693 1838 ita
1724 1797 1979 1840 delectatum
2008 1813 2101 1840 esse
2130 1799 2348 1846 Tibullum

215 1866 362 1911 credo.
414 1865 516 1921 Ipsa
544 1866 742 1920 partium,
772 1878 827 1905 :ex
856 1862 1010 1918 quibus
1040 1863 1120 1904 hoc
1150 1862 1355 1905 distichon
1386 1870 1567 1915 constat,
1596 1866 1700 1906 ratio
1731 1879 1781 1906 ea
1810 1872 1891 1916 est,
1920 1880 2033 1921 quae
2058 1867 2263 1921 postulet,
2285 1875 2351 1911 *ut

215 1934 322 1978 mihi
352 1940 594 1989 reponatur.
625 1933 734 1974 Nam
758 1930 898 1973 verbis
921 1937 968 1973 tu
990 1929 1092 1972 mihi
1119 1931 1218 1973 sola
1246 1931 1397 1988 places
1427 1939 1621 1974 accurate
1643 1931 1901 1988 respondent
1927 1947 1995 1983 ea,
2025 1947 2134 1989 quae
2159 1948 2352 1992 sequun—

212 2011 312 2046 tur:
348 2017 433 2045 nec¹
464 2004 552 2043 iam
582 2006 762 2056 praeter
797 2006 840 2042 tc
873 2001 918 2041 in
947 1998 1053 2041 urbe
1083 1999 1175 2040 ulla
1202 1999 1351 2055 puella
1370 1998 1585 2051 formosa
1616 2005 1689 2042 est*
1711 2002 1815 2043 meis
1847 1999 2013 2044 oculi-s:
2048 1999 2121 2043 illa
2155 2001 2348 2055 brevius,

216 2071 327 2113 'haec
354 2071 543 2112 ornatius
574 2067 684 2110 dicta
714 2074 820 2109 sunt.
866 2066 1069 2122 Denique
1095 2068 1300 2122 scrip-tura
1329 2073 1378 2108 tu
1406 2065 1508 2109 mihi
1536 2067 1636 2109 sola
1666 2067 2133 2111 co1nmendatu1··etiam
2163 2069 2351 2113 similitu·-

221 2139 322 2182 dine
353 2137 572 2186 locorum,
608 2150 716 2191 quos
746 2137 825 2176 viri
858 2134 973 2177 docti
1007 2148 1056 2176 ex
1087 2133 1245 2176 Ovidio
1277 2136 1391 2186 (Art.
1423 2148 1499 2175 am.
1531 2135 1568 2184 Ι,
1606 2134 1688 2186 42)
1722 2142 1763 2176 et
1793 2136 2018 2190 Propertio
2047 2135 2131 2187 (ΙΙ,
2162 2136 2236 2188 17,
2266 2137 2349 2190 19)

221 2205 470 2249 attulerunt.
494 2228 547 2236 —
577 2219 617 2245 v.
648 2204 674 2244 5
703 2218 765 2259 sq.
793 2209 924 2258 atque
955 2204 1120 2244 utinam
1148 2204 1291 2259 possis
1321 2204 1396 2244 uni
1425 2201 1526 2243 mihi
1557 2201 1670 2244 bella
1697 2201 1858 2259 videri:
1887 2201 2118 2259 displiceas
2139 2203 2261 2246 aliis.-
2286 2206 2352 2248 sic

221 2287 307 2331 ego
340 2278 462 2315 tutus
484 2285 583 2316 ero.
612 2270 719 2313 Non
747 2269 875 2311 modo
906 2268 1109 2313 librorum
1139 2271 1406 2320 auctoritate,
1445 2268 1521 2310 sed
1551 2271 1670 2311 etiam
1700 2272 1903 2324 scriptura
1929 2279 2080 2326 posse,
2119 2275 2352 2328 quaewqui-

220 2341 316 2384 dem
353 2340 586 2395 depravata
620 2345 707 2389 est,
740 2352 921 2394 posses,
957 2337 1072 2392 quod
1111 2337 1378 2380 Lachmanno
1413 2336 1605 2392 placuit,
1633 2336 1807 2378 firmari.
1827 2336 2026 2380 videtur.>
2057 2338 2349 2383 Lachmannus

223 2411 337 2452 enim
364 2410 420 2449 ita
450 2405 654 2456 distinxit,
685 2412 732 2447 ut
763 2403 894 2449 verba
925 2403 1153 2459 displiceat
1182 2404 1281 2446 aliis
1310 2403 1364 2445 ab
1394 2406 1462 2453 iis,
1493 2403 1646 2459 quibus
1673 2403 1815 2446 addita
1841 2412 1903 2449 est
1928 2405 2134 2461 particula
2163 2409 2350 2455 utinam,

223 2479 512 2531 seiungantur.
567 2472 692 2527 Quae
733 2471 1015 2528 distinguendi
1046 2473 1156 2514 ratio
1184 2472 1281 2513 mihi
1311 2470 1540 2527 probatur:
1577 2470 1754 2526 probata
1786 2479 1847 2513 est
1877 2475 1998 2515 etiam
2029 2472 2246 2528 Gruppio,
2274 2476 2350 2528 qui

221 2545 367 2587 vertit:
398 2541 560 2587 Mocht⁷
588 2540 695 2581 auch
723 2539 888 2588 keiner‚
920 2538 978 2580 als
1007 2539 1091 2589 ich,
1121 2553 1169 2581 so
1200 2540 1331 2582 sehon
1360 2538 1454 2581 dich
1479 2537 1659 2588 finden,
1683 2538 1898 2581 Geliebte!
1930 2538 2122 2582 Missfatt’
2140 2538 2351 2590 anderen„

220 2611 337 2655 dann
366 2609 442 2651 bin
477 2608 544 2651 ich
582 2607 785 2664 gesichert
820 2606 1017 2651 fiirwahr.
1074 2607 1183 2649 Nam
1212 2609 1255 2648 'si
1292 2605 1519 2663 displiceat
1548 2613 1675 2660 poeta
1701 2621 1794 2648 cum
1826 2621 1933 2648 voce
1966 2608 2132 2647 utinam
2159 2608 2350 2653 iunctum

222 2678 452 2726 voluisset,
474 2678 698 2732 posuisset
729 2674 842 2717 haud
880 2672 1010 2716 dubie
1039 2673 1285 2729 particulam
1312 2672 1618 2728 copulativam:
1659 2673 1899 2728 asyndeton
1928 2680 2039 2715 certe
2072 2674 2351 2722 iniucnndum

220 2746 343 2791 soret.
399 2745 496 2787 Nec
529 2757 631 2785 vero
669 2743 704 2784 si
738 2748 869 2796 poeta
898 2755 986 2785 non
1023 2743 1233 2796 ignoravit
1247 2755 1266 2792 ,·
1295 2740 1451 2783 multos
1486 2754 1602 2791 esse,
1641 2755 1750 2796 quos
1790 2740 1923 2783 forma
1960 2739 2131 2796 puellae
2161 2749 2351 2798 caperet,

220 2816 375 2859 iccirco
404 2812 643 2855 necessario
674 2809 968 2865 reponendum·
1006 2815 1068 2850 est
1102 2819 1276 2866 posse-5:
1317 2809 1467 2851 etenim
1508 2821 1592 2862 qua
1622 2806 1677 2850 de
1701 2807 1844 2850 rabie
1880 2808 2045 2863 agitur,
2072 2823 2130 2861 ea
2156 2823 2232 2852 ¹reas
2261 2822 2352 2854 non

222 2881 279 2926 ad
305 2880 418 2923 illam
441 2878 644 2935 pedestris
672 2879 878 2923 sermonis
895 2876 1044 2932 legem
1072 2883 1155 2918 tam
1176 2890 1322 2919 severe
1353 2874 1552 2930 exigenda
1579 2881 1660 2925 est,
1691 2880 1739 2919 ut
1762 2876 1807 2916 in
1833 2872 2063 2923 ἀδυνάτοις
2092 2882 2355 2935 numeretur,

225 2949 439 3004 Quocirca
460 2946 566 2989 nihil
591 2945 749 2995 obstat,
788 2947 1012 3001 quominus
1039 2946 1204 3000 possis,
1228 2943 1360 2999 >quod
1389 2942 1612 2992 nonnullis
1635 2944 1679 2985 in
1708 2941 1825 2984 libris
1857 2951 1939 2995 est,
1976 2949 2258 3000 ponam-sac
2285 2956 2356 2988 re}—
