2462 3112
1133 122 1278 164 xxv-1

131 237 250 278 Fast:
265 235 358 278 152.
388 237 580 292 expressi
596 236 693 282 favi.
734 234 888 280 Verbo
909 236 1088 293 simplici
1107 237 1198 282 fere
1219 245 1375 295 poetae
1398 244 1595 290 utuntur,
1625 241 1686 285 uti
1702 247 1916 287 nostrates
1946 247 2216 298 »gepresstm
2235 265 2291 284 -P

131 318 170 349 v,
191 302 262 347 46.
279 316 440 349 securo
458 317 602 348 mero:
625 302 750 347 simili
764 303 896 347 modo
914 305 1118 348 Horatius
1135 305 1365 350 Massicum
1383 304 1641 351 obliviosum
1656 314 1784 351 vocat
1801 307 1873 360 (C.
1890 307 1942 351 11.
1962 308 2001 359 7,
2016 309 2107 361 21.)
2120 308 2293 364 Diony—

132 371 219 415 sius
240 370 352 415 enim
373 368 707 425 λκυσιμέφιμνος.
748 372 908 416 Vinum
935 373 1119 414 animum
1142 373 1262 416 omni·
1281 386 1383 416 cura
1409 379 1450 415 et
1470 372 1758 417 sollicitudine
1777 374 1905 418 solvit
1926 381 1968 416 et
1991 389 2154 418 cornua
2173 375 2294 421 addit

139 438 339 493 pauperi,
369 444 417 480 ut
446 436 664 493 praeclare
697 438 848 481 Horat.
875 437 948 481 ΙΙΙ.
973 439 1049 490 21,
1078 438 1144 482 18.
1189 437 1349 484 Sobria
1378 446 1520 484 autem
1547 441 1647 484 mihi
1675 443 1718 484 in
1748 448 1931 486 mentem
1962 449 2136 485 revocat
2164 441 2291 487 alium

133 503 276 548 locum
298 503 485 549 eiusdem
505 511 680 560 poetae,
709 506 782 560 qui
795 537 804 555 ,
836 503 912 548 ubi
936 507 1122 549 insanire
1142 519 1235 550 non
1255 505 1362 557 vult,
1390 521 1570 562 puerum
1591 506 1714 551 iubet
1736 508 1892 564 pocula
1914 509 2102 553 ardentis
2117 508 2290 553 Falerni

135 578 440 627 praetereunte
469 571 642 627 lympha
670 574 934 627 restinguere
961 572 1041 624 (ΙΙ.
1060 571 1111 615 C.
1133 573 1206 624 11,
1230 573 1331 625 20.).
1380 573 1549 617 Pariter
1571 573 1655 616 hoc
1677 573 1775 618 loco
1799 573 1950 618 sobria
1972 574 2094 619 unda
2115 574 2291 620 salubre

138 646 203 682 est
232 646 606 694 temperamentum
627 641 737 681 meri
758 642 922 682 securi:
954 642 1114 696 quippe
1144 642 1253 684 enim
1282 642 1366 683 ista
1390 642 1596 685 securitas
1626 654 1714 687 non
1743 642 1896 696 procul
1921 641 2040 685 abest
2068 657 2091 685 a
2120 642 2291 687 levitate

138 713 180 749 et
199 704 471 750 confidentia.
493 729 547 740 --
564 721 602 747 v.
620 705 687 749 48.
715 721 867 749 annua
885 712 1009 749 terra
1031 707 1189 750 dictum
1206 714 1287 759 est,
1310 715 1358 751 ut
1376 707 1490 763 apud
1513 708 1706 763 Propert.
1723 708 1800 750 lv.
1817 707 1863 759 8,
1879 709 1920 750 8.
1946 723 2096 753 annua
2111 708 2290 766 pabula.

136 772 186 815 Id
216 772 321 817 nihil
349 775 451 817 novi
482 772 629 816 habet:
659 775 789 829 magis
822 775 983 817 mireris
1014 775 1233 830 epitheton
1263 789 1402 819 verno
1435 789 1530 818 cum
1557 775 1689 818 alveo
1716 777 1924 819 iunctum:
1952 776 2072 831 quod
2094 775 2291 821 Gebhar-

136 840 237 885 dum
268 846 311 885 et
329 840 532 883 Vossium
562 843 620 882 ita
649 840 853 892 offendit,
879 848 926 884 ut
957 855 1051 884 cum
1074 856 1182 885 rure
1207 841 1316 885 illud
1344 844 1576 897 iungerent.
1619 843 1675 885 At
1697 843 1815 885 vocis
1842 856 1920 884 rus
1949 849 1993 885 et
2016 842 2085 885 hic
2114 850 2156 886 et
2179 842 2291 887 infra

136 908 370 962 geminatae
405 913 521 949 tanta
552 909 615 948 vis
657 914 749 956 est,
790 913 836 949 ut
873 907 1063 962 epitheto
1088 910 1271 951 vornanti
1308 911 1482 952 omnino
1520 907 1667 951 nullus
1698 908 1821 952 locus
1850 910 1916 951 sit.
1969 908 2131 953 Melius
2157 909 2292 953 multo

134 974 360 1017 Fruterius
377 1006 387 1024 ‚
419 976 493 1028 qui
522 987 687 1017 vernos
717 972 944 1031 legendum
986 976 1177 1018 censuit:
1218 989 1330 1030 quae
1359 977 1439 1018 viri
1468 975 1586 1019 docti
1616 977 1764 1030 opinio
1795 982 1837 1019 et
1864 973 2064 1018 facilitate
2094 975 2293 1020 emendo-

134 1042 264 1085 tionis
301 1047 344 1084 et
371 1054 524 1096 magno
557 1040 752 1084 locorum
781 1055 986 1091 numero,
1021 1044 1065 1084 in
1106 1041 1263 1100 quibus
1290 1057 1454 1085 vernus
1482 1057 1576 1085 cum
1606 1042 1714 1084 flore
1745 1049 1818 1084 aut
1857 1041 1940 1086 alio
1977 1042 2023 1085 id
2052 1056 2186 1098 genus
2213 1055 2291 1086 vo-

139 1107 295 1152 cabulo
325 1109 514 1150 iunctum
546 1115 635 1158 est,
667 1107 952 1152 commendari
982 1107 1164 1150 videtur.
1217 1109 1379 1153 confer.
1404 1109 1552 1152 Horat.
1581 1110 1612 1151 1.
1640 1110 1687 1159 4,
1718 1109 1784 1151 10.
1833 1109 2029 1165 Propert.
2046 1109 2118 1152 111.
2146 1110 2192 1160 5,
2219 1109 2289 1155 22.

136 1175 264 1219 ovid.
284 1175 456 1219 Metam.
474 1176 528 1216 V.
546 1176 641 1217 551.
678 1175 828 1219 Senec.
846 1175 1072 1231 Hippolyt.
1097 1175 1126 1219 1.
1149 1176 1214 1219 12.
1245 1175 1389 1219 Valer.
1408 1175 1547 1219 Flacc.
1576 1175 1649 1217 Ill.
1671 1176 1788 1219 403.:
1819 1175 1976 1232 quihus
2002 1176 2109 1219 locis
2135 1168 2292 1220 multas

139 1249 180 1285 et
205 1242 310 1287 alios
339 1242 462 1286 facile
487 1242 716 1286 addideris.
754 1243 851 1285 Nec
875 1242 1037 1292 verbis,
1068 1257 1180 1298 quae
1209 1242 1357 1298 paullo
1383 1243 1491 1286 infra
1514 1241 1729 1297 leguntur,
1758 1256 1896 1285 verno
1923 1240 1979 1284 de
1993 1243 2144 1293 flore,
2173 1244 2292 1298 quie-

138 1309 242 1364 quid
277 1308 378 1353 dicit
404 1310 627 1352 Dissenius
649 1342 658 1359 ,
690 1309 877 1353 Fruterii
907 1310 1055 1365 opinio
1085 1309 1359 1353 confutatur:
1396 1317 1460 1352 est
1487 1309 1605 1353 aliud
1624 1341 1633 1359 ,
1671 1323 1758 1365 quo
1797 1308 2028 1352 refellatur.
2080 1309 2126 1351 Si
2164 1316 2291 1366 caput

139 1378 270 1420 totius
300 1375 385 1419 loci
421 1376 464 1418 id
496 1384 632 1427 esset,
668 1385 715 1418 ut
747 1379 869 1420 verni
907 1378 1111 1432 temporis
1144 1378 1377 1421 amoenitas
1411 1375 1755 1427 describeretur,
1795 1377 2034 1419 necessario
2063 1375 2289 1431 legendum

139 1450 248 1488 esset
279 1457 442 1487 vernos
460 1444 623 1494 flores.
653 1451 694 1485 at
723 1451 869 1500 poeta,
901 1445 1025 1486 sicuti
1054 1458 1183 1499 supra
1213 1443 1270 1487 de
1286 1457 1442 1494 messe,
1473 1445 1533 1486 sic
1558 1443 1640 1487 hoc
1668 1443 1768 1485 loco
1799 1443 1853 1485 de
1877 1442 2194 1487 mellificatione
2223 1442 2290 1486 lo-

139 1513 295 1566 quitur.
328 1525 429 1567 apes
460 1518 620 1561 autem,
646 1518 693 1553 ut
722 1511 884 1566 pridem
905 1510 1202 1555 Broukhusius
1233 1518 1274 1554 et
1293 1512 1490 1566 Heynius
1512 1517 1790 1560 monuerunt,
1819 1512 1862 1553 in
1884 1509 2003 1552 Italia
2033 1509 2204 1565 quidem
2232 1509 2289 1553 ab

136 1580 233 1634 ipso
262 1579 535 1633 aequinoctio
567 1591 700 1620 veruo
730 1577 977 1621 mellificare
1006 1585 1256 1634 coeperunt.
1303 1579 1454 1634 ltaque
1483 1592 1642 1621 summa
1673 1579 1804 1619 totius
1835 1576 1920 1619 loci
1953 1579 1997 1619 iu
2028 1575 2288 1632 exponendis

139 1644 374 1689 commodis
405 1652 447 1686 et
477 1643 728 1687 utilitatibus
764 1646 827 1687 rei
856 1646 1040 1687 rusticae
1070 1652 1265 1687 versatur
1294 1652 1420 1700 atque
1448 1643 1593 1687 verbis
1622 1646 1668 1685 in
1700 1644 1873 1686 alveum
1905 1646 2117 1701 inger-unt
2137 1643 2290 1694 flores

137 1714 346 1756 sententia
370 1711 543 1754 subest:
573 1726 710 1755 verno
738 1717 938 1768 tempore
962 1726 1067 1768 apes
1091 1711 1179 1754 mel
1207 1711 1428 1769 colligunt
1457 1725 1512 1754 ac
1539 1718 1724 1769 parant:
1754 1713 1901 1768 itaque
1933 1725 2027 1753 cum
2056 1711 2125 1753 hic
2150 1725 2290 1767 prope

137 1778 242 1823 nihil
271 1778 445 1829 referat,
476 1793 585 1834 quae
613 1780 667 1821 sit
695 1780 909 1829 materies,
943 1792 992 1822 ex
1025 1793 1110 1834 qua
1137 1793 1239 1834 apes
1266 1778 1349 1821 mel
1378 1778 1601 1834 colligam
1637 1792 1727 1821 non
1745 1779 1918 1830 flores,
1955 1778 2032 1820 sed
2062 1777 2128 1828 id,
2168 1777 2288 1834 quod

140 1860 277 1890 verno
307 1853 501 1901 tempore
530 1845 658 1889 melle
682 1845 945 1901 completur,
978 1846 1166 1902 epitheto
1194 1845 1238 1888 id
1272 1847 1410 1902 ipsum
1438 1853 1606 1903 tempus
1634 1845 1897 1901 significante
1923 1845 2160 1890 ornandum
2187 1852 2288 1889 erat.

134 1914 270 1956 Poeta
300 1920 438 1957 autem
463 1927 542 1956 suo
573 1915 665 1956 iure
696 1913 799 1956 dixit
820 1927 985 1956 vernus
1009 1913 1163 1956 alveus
1189 1912 1318 1956 melle
1343 1913 1589 1969 completur·
1613 1927 1693 1969 pro
1717 1913 1871 1956 alveus
1891 1912 2021 1955 melle
2041 1911 2288 1969 completur

137 1995 278 2025 verno
296 1987 505 2036 tempore.
540 1980 685 2032 Adde,
715 1983 751 2023 si
769 1982 831 2023 vis
843 2013 854 2031 ,
885 1980 1003 2035 quod
1021 1981 1244 2023 Dissenius
1261 1982 1446 2032 monuit,
1477 1980 1604 2023 alium
1620 1994 1740 2031 vere,
1770 1979 1896 2022 alium
1914 1979 2052 2022 hieme
2070 1986 2112 2022 et
2128 1986 2289 2023 aestate

137 2048 247 2092 alvei
274 2055 425 2091 statum
458 2047 614 2091 fuisse:
649 2062 729 2091 nec
757 2049 838 2090 iam
868 2046 1065 2098 dubites,
1103 2050 1205 2103 quin
1236 2047 1391 2091 alveus
1417 2050 1510 2104 ipse
1538 2062 1702 2090 ver-nus
1729 2045 1813 2091 dici
1842 2048 2039 2102 potuerit.
2086 2046 2288 2102 Enallage

138 2115 329 2171 epitheti,
360 2114 525 2171 qualem
555 2129 682 2171 saepe
711 2130 734 2157 a
763 2116 902 2171 poetis
931 2122 1175 2171 usurpatam
1198 2114 1351 2157 volunt
1378 2114 1518 2166 (conf.
1536 2113 1703 2157 Obbar.
1719 2115 1763 2156 in
1780 2113 1944 2169 ephem.
1961 2111 2157 2155 scholast.
2176 2111 2288 2154 1832

136 2182 226 2226 No.
247 2182 342 2224 150.
371 2181 544 2237 Forbig.
563 2181 615 2224 ad
636 2182 788 2237 virgil.
804 2181 950 2237 Eclog.
968 2181 1036 2223 lx.
1054 2181 1163 2233 580,
1195 2181 1279 2224 hoc
1305 2181 1477 2237 quidem
1504 2180 1603 2224 loco
1623 2180 1739 2223 nulla
1758 2187 1830 2223 est.
1847 2203 1905 2212 --
1918 2180 2081 2231 flores.
2110 2185 2284 2234 praeter

134 2248 277 2293 locum
296 2248 351 2291 ab
368 2250 544 2304 Heynio
563 2249 733 2292 allatum
754 2247 932 2306 (virgil.
952 2247 1111 2304 Georg.
1130 2248 1206 2290 IV.
1231 2248 1327 2300 54.)
1346 2247 1458 2290 adde
1475 2247 1603 2290 ovid.
1625 2247 1798 2289 Metam.
1813 2245 1925 2289 xm.
1940 2245 2056 2288 92&
2083 2258 2171 2289 non
2193 2247 2285 2300 apis

138 2315 240 2358 inde
274 2314 367 2362 tulit
405 2315 610 2357 collectos
639 2314 791 2360 sedulo
820 2315 962 2359 flores.
1009 2316 1178 2360 Lucret.
1206 2316 1279 2358 111.
1306 2321 1387 2360 IL:
1418 2314 1618 2357 floriferis
1649 2321 1694 2356 ut
1724 2327 1824 2369 apes
1858 2315 1901 2356 in
1931 2310 2108 2354 saltibus
2143 2313 2282 2355 omnia

137 2381 284 2424 libant.
306 2405 355 2413 --
387 2397 426 2423 V.
446 2382 512 2423 51.
543 2382 768 2439 Agricola
799 2381 979 2425 assiduo
1094 2384 1283 2425 satiatus
1313 2388 1485 2425 aratro.
1515 2381 1601 2424 Pro
1629 2382 1817 2423 satiatus
1846 2381 1890 2421 in
1920 2377 2093 2423 duobus
2113 2377 2284 2421 Brouk-

138 2449 248 2491 husii
276 2447 396 2491 libris
426 2451 627 2504 scriptum
657 2451 868 2504 reperitur
896 2447 1123 2501 defessus:
1155 2449 1341 2504 Scaliger
1361 2456 1502 2491 autem
1523 2449 1704 2490 coniecit
1731 2447 1940 2490 lassatus.
1979 2446 2284 2488 Recentiorum

133 2529 264 2559 nemo
284 2515 452 2566 melius,
483 2530 608 2571 quam
629 2516 876 2566 Dissenius‚
906 2518 989 2557 vim
1011 2518 1129 2559 vocis
1153 2518 1345 2558 satiatus
1376 2514 1608 2571 explicavit.
1650 2512 1911 2568 Complexus
1941 2513 2051 2554 enim
2080 2524 2282 2553 summam

137 2595 305 2634 eorum,
335 2597 444 2638 quae
465 2583 680 2638 Heynius‚
711 2582 1071 2625 Wunderlichius
1102 2590 1143 2626 et
1166 2581 1408 2624 Huschkius
1438 2581 1565 2624 docte
1594 2595 1644 2622 ac
1669 2580 1884 2622 subtiliter
1912 2578 1965 2621 ad
1994 2577 2108 2619 hunc
2139 2577 2282 2621 locum

137 2656 476 2699 annotaverant,
513 2652 605 2705 ipse
637 2651 804 2704 egregie
834 2649 1008 2699 docuit,
1043 2648 1148 2692 nihil
1177 2651 1222 2691 in
1250 2663 1332 2691 usu
1367 2649 1492 2690 huius
1521 2649 1640 2689 vocis
1670 2662 1693 2688 a
1724 2645 1900 2689 Tibullo
1935 2651 2137 2688 novatum
2168 2658 2283 2686 esse:

137 2723 319 2760 aratrum
351 2717 462 2759 enim
493 2729 580 2758 non
610 2717 812 2767 invisum,
842 2715 917 2757 sed
947 2724 1113 2771 gratum
1143 2723 1186 2757 et
1215 2722 1434 2772 acceptum
1464 2729 1558 2758 esse
1588 2713 1802 2770 agricolis:
1839 2727 1923 2768 qua
1950 2712 2004 2755 de
2035 2725 2182 2754 caussa
2215 2724 2283 2752 ce-

136 2784 288 2825 cinisse
306 2782 555 2838 Virgilium,
584 2781 671 2826 huc
693 2785 834 2826 omnis
854 2785 999 2825 aratri
1020 2784 1154 2826 cessit
1173 2796 1315 2825 amor.
1351 2783 1456 2824 Esse
1483 2783 1612 2837 igitur
1638 2787 1795 2823 aratro
1826 2781 2017 2822 satiatus
2050 2776 2283 2821 »nachdem

136 2863 184 2890 er
212 2855 294 2892 satt
313 2848 402 2892 sich
421 2849 655 2905 geptltigt«.
698 2849 824 2904 Quae
846 2863 972 2904 quam
992 2863 1096 2893 vere
1114 2851 1200 2893 sint
1226 2848 1358 2899 dicta,
1389 2856 1431 2891 et
1461 2863 1513 2891 ex
1539 2850 1612 2899 iis,
1639 2861 1751 2902 quae
1772 2846 1919 2902 paullo
1948 2845 2058 2888 infra
2085 2845 2284 2900 leguntur

135 2917 202 2968 (v.
224 2916 313 2970 55.)
351 2923 393 2960 et
432 2930 482 2961 ex
510 2915 615 2961 *loco
644 2917 878 2971 Homerico
918 2916 1044 2959 huius
1082 2915 1293 2960 simillimo
1323 2915 1396 2969 (ll.
1419 2916 1490 2960 XL
1513 2914 1603 2969 85.)
1639 2916 1921 2970 cognoscitur.
1943 2937 2000 2971 ¹—-
2030 2927 2070 2954 v.
2091 2911 2158 2956 53,
2193 2910 2282 2955 Pro
