2462 3112
1202 105 1308 143 XXI

166 224 314 268 laetus
333 222 631 282 praetulerunt
649 221 861 278 vulgatae.
894 222 1018 264 Licet
1039 222 1249 265 Huschkii
1266 224 1410 265 mirari
1429 225 1696 278 sagacitatem
1720 222 1885 278 ubique
1904 223 2184 264 imitationem
2206 220 2346 264 Grae-

167 306 316 336 comm
346 291 544 336 odorati:
578 292 654 346 qui
683 303 773 347 quo
806 292 901 332 iure
929 290 998 332 hic
1028 304 1206 347 quoque
1237 290 1408 333 laudem
1435 292 1698 333 inventionis
1730 289 1935 346 Sophocli
1966 289 2186 340 tribuerit,
2216 303 2344 332 nemo

167 361 347 418 aequior
374 359 523 402 harum
553 373 696 401 rerum
725 360 988 401 existimator
1017 371 1108 400 non
1139 357 1311 401 iudicet.
1335 383 1380 388 -
1413 373 1453 400 v.
1471 358 1540 400 60.
1570 372 1594 400 e
1611 357 1738 400 caelo
1772 357 1933 414 deripit
1962 357 2037 399 ille
2069 356 2197 400 deos:
2228 364 2345 400 recte

165 426 432 478 Huschkius,
461 427 707 478 Dissenius,
739 425 810 468 alii
839 426 946 469 haec
974 428 1242 483 interpretati
1271 434 1390 469 sunt:
1420 440 1502 468 nec
1530 427 1610 468 iam
1638 424 1817 467 dubium
1843 432 1985 482 potest
2016 440 2130 478 csse,
2162 428 2266 482 quin
2296 441 2345 476 e,

164 509 255 540 non
275 503 342 547 et,
372 495 599 552 legendum
625 497 691 538 sit.
726 494 909 538 Ovid.1.
932 509 1010 536 am.
1030 493 1081 536 el.
1099 494 1144 546 7,
1175 495 1214 536 6.
1247 494 1373 536 Tunc
1394 507 1472 550 ego
1573 494 1697 549 potui
1717 492 1854 535 Saeva
1876 492 1946 535 vel
1977 496 2020 536 in
2052 501 2222 536 sanctos
2249 507 2346 536 ver-

162 561 267 607 bera
299 563 414 606 ferre
437 562 556 605 deos.
579 588 632 596 —
658 577 697 604 V.
719 562 788 604 61.
819 577 844 604 e
864 561 1071 604 membris
1088 561 1377 619 per-scindere
1403 567 1582 604 vestem.
1620 561 1710 602 Res
1734 568 1796 603 est
1815 564 2046 604 notissima.
2070 562 2183 604 conf.
2210 561 2342 604 Ovid.

161 637 239 674 art.
263 638 385 675 amat.
412 630 487 673 ΙΙΙ.
515 631 610 673 569.
649 630 798 673 Horat.
823 630 875 673 C.
899 630 930 672 1.
953 630 1019 671 17.
1051 637 1154 672 extr.
1187 630 1383 685 Propert.
1409 629 1484 670 IV.
1510 629 1555 679 5,
1583 628 1679 670 2l.:
1719 629 1794 671 sed
1825 629 1867 671 hi
1896 628 2102 672 scindere
2133 629 2344 672 dixerunt.

162 699 335 743 Terent.
354 698 551 741 Eunuch.
570 698 647 740 IV.
668 698 714 750 3,
743 699 801 740 5.:
831 696 1006 740 discidit
1030 704 1209 740 vestem.
1242 697 1370 750 (Vid.
1392 699 1568 739 omnino
1588 695 1747 738 Markl.
1770 697 1824 739 ad
1842 697 1945 739 Stat.
1966 697 2067 740 silv.
2086 697 2161 739 IV.
2178 698 2223 748 9,
2250 698 2341 750 24.)

162 765 457 811 Perscindere
487 765 702 823 displicuit
731 767 935 808 Heinsio:
967 779 1061 807 esse
1091 767 1201 807 enim
1234 772 1275 807 et
1305 765 1558 815 violentius,
1590 778 1718 820 quam
1750 764 1869 820 quod
1893 764 2035 807 verbis
2059 767 2117 807 sit
2138 767 2250 808 satis
2274 779 2343 807 ac-

162 834 479 878 commodatum
515 836 568 876 sit
609 841 651 876 et
690 832 744 875 ad
783 834 1144 889 praepositionem
1183 847 1208 874 e
1245 848 1396 889 parum
1427 839 1585 888 aptum.
1643 832 1793 889 Itaque
1830 832 1902 874 illc
1944 832 2199 875 rescindere
2237 847 2342 876 con-

161 905 279 946 iecit:
311 917 439 959 quam
470 903 758 944 coniecturam
792 900 1037 943 Huschkius
1067 899 1243 957 quidem
1275 902 1332 943 ait
1362 908 1568 957 quattuor
1595 900 1716 943 libris
1747 900 2002 943 confirmari.
2053 901 2244 943 Probata
2276 908 2342 943 est

163 970 311 1014 eadem
340 971 544 1013 Dissenio
577 977 620 1012 et
643 968 856 1026 Gruppio.
886 969 1080 1025 Propert.
1103 969 1239 1020 11¹.8‚
1272 969 1311 1011 8.
1343 971 1527 1011 rescisso
1550 971 1658 1012 sinu.
1692 969 1920 1012 Claudian.
1942 970 2036 1011 XV.
2059 969 2151 1011 134.
2183 971 2341 1011 rescis-

162 1053 242 1082 sae
279 1045 424 1082 vestes
462 1044 508 1080 et
540 1044 665 1080 serta
704 1040 864 1081 iacent.
923 1036 1011 1079 Sed
1049 1051 1126 1079 cur
1169 1039 1376 1093 scriptura
1412 1036 1701 1095 per-scindere
1740 1039 1981 1088 reficiatur,
2018 1052 2207 1079 caussam
2246 1037 2342 1080 ido-

162 1121 286 1150 neam
316 1105 515 1163 equidem
545 1104 675 1147 video
705 1119 883 1161 prorsus
907 1103 1082 1146 nullam.
1134 1104 1428 1148 Perscindere
1459 1112 1525 1148 est
1554 1106 1877 1156 durchreissen‚
1919 1108 2046 1148 einen
2075 1106 2173 1147 Riss
2204 1105 2342 1148 durch

162 1174 366 1225 macheu,
405 1173 834 1234 quod'praesertim.
874 1173 909 1214 si
938 1174 1068 1214 vestis
1105 1175 1247 1214 tenuis
1280 1180 1370 1223 est,
1408 1172 1521 1215 facili
1549 1176 1722 1230 negotio
1758 1174 1854 1216 fieri
1886 1181 2038 1230 potest.
2074 1175 2340 1229 praepositio

162 1250 303 1286 autem
333 1257 359 1286 e
387 1241 568 1293 indicat,
608 1248 768 1284 vestem
799 1240 854 1283 de
886 1255 939 1283 eo
970 1242 1065 1297 ipso
1093 1240 1212 1292 loco,
1253 1243 1297 1283 iu
1328 1255 1417 1297 quo
1448 1240 1611 1284 sederit
1640 1257 1717 1284 seu
1747 1243 1951 1302 haeserit,
1985 1242 2182 1284 rescindi.
2242 1242 2339 1283 Dif-

160 1311 244 1354 fert
275 1313 386 1353 enim
416 1309 579 1366 aliquid
607 1312 720 1352 inter
748 1311 1092 1366 praepositiones
1123 1324 1147 1351 e
1179 1317 1220 1352 et
1250 1325 1305 1351 a:
1343 1325 1371 1352 a
1399 1316 1586 1367 pectore
1624 1310 1736 1354 soret
1767 1325 1855 1352 von
1897 1310 1973 1352 der
2001 1311 2132 1352 Brust
2163 1310 2239 1351 her
2267 1309 2340 1352 vel

160 1393 277 1435 weg;
315 1378 435 1435 quod
466 1377 560 1420 fieri
587 1381 820 1435 potuisset,
851 1377 1022 1420 admota
1053 1379 1218 1434 pectori
1245 1392 1374 1419 manu
1403 1385 1444 1420 et
1475 1378 1566 1420 sola
1595 1386 1714 1421 veste
1750 1379 2068 1435 comprehensa.
2100 1393 2124 1420 e
2153 1384 2339 1434 pectore

159 1462 268 1491 vero
298 1445 396 1488 fieri
425 1460 514 1488 non
544 1448 706 1502 potuit,
737 1448 817 1488 nisi
847 1460 976 1487 manu
1003 1453 1164 1488 vestem
1195 1448 1309 1488 inter
1339 1453 1381 1488 et
1410 1453 1562 1502 pectus
1592 1449 1769 1489 inserta:
1802 1455 1866 1489 est
1896 1450 2023 1503 igitur
2051 1445 2339 1503 per-scindere

160 1531 186 1559 e
212 1521 399 1573 pectore
431 1521 598 1557 vestem
628 1529 714 1557 von
745 1514 822 1556 der
850 1515 982 1556 Brust
1011 1529 1105 1557 aus:
1134 1514 1255 1571 quod
1285 1516 1515 1571 quominus
1546 1514 1729 1567 dicatur,
1759 1515 1865 1558 nihil
1893 1515 2082 1571 impedit.
2113 1539 2167 1547 —
2198 1530 2237 1556 V.
2268 1515 2338 1557 62.

164 1583 436 1640 Quamquam
467 1590 508 1625 et
538 1582 653 1638 apud
685 1583 962 1639 Propertium
993 1583 1051 1635 (1.
1079 1584 1128 1634 2,
1159 1585 1215 1636 l.)
1242 1590 1287 1626 'et
1318 1582 1433 1640 apud
1458 1582 1664 1626 Ovidium
1695 1584 1838 1636 (Fast.
1862 1585 1935 1626 lV.
1957 1584 2054 1625 309.
2086 1584 2176 1625 Art.
2200 1584 2337 1626 Amat.

162 1651 190 1694 l.
211 1652 284 1694 ΙΙΙ.
307 1650 403 1694 138.
432 1652 524 1693 Am.
546 1650 598 1692 11.
624 1651 669 1702 7,
698 1650 788 1703 23.)
820 1649 1018 1707 aliosque
1048 1654 1282 1707 scriptores
1314 1651 1464 1708 capilli
1494 1653 1634 1693 ornati
1665 1652 1868 1694 dicuntur
1886 1686 1895 1703 ,
1934 1652 2016 1693 hoc
2047 1651 2147 1693 loco
2178 1659 2336 1702 tamen,

160 1719 238 1762 ubi
267 1726 396 1776 poeta
426 1717 471 1761 id
502 1721 652 1775 utique
681 1721 909 1776 praecipit,
936 1734 992 1761 ne
1025 1721 1120 1776 quis
1152 1720 1308 1762 audeat
1337 1722 1419 1776 ipsi
1449 1722 1623 1776 corpori
1645 1735 1795 1762 manus
1823 1722 2000 1762 iniicere
2021 1743 2075 1752 —
2094 1722 2194 1762 satis
2226 1721 2338 1762 enim

162 1801 254 1830 esse
283 1789 327 1828 in
349 1793 508 1828 vestem
539 1793 581 1829 et
610 1785 803 1828 habitum
831 1788 998 1828 saevire
1018 1812 1089 1839 —‚
1120 1788 1219 1830 mihi
1243 1794 1433 1830 ornatus
1456 1803 1612 1831 comae
1631 1787 1767 1831 multo
1789 1790 1930 1845 aptius
1960 1788 2117 1831 dictum
2147 1788 2339 1840 videtur,

163 1869 291 1911 quam
325 1860 515 1896 ornatas
554 1868 719 1896 comas.
746 1854 888 1920 ‘Nam
922 1857 995 1910 qui
1028 1862 1218 1898 ornatus
1254 1870 1399 1898 comae
1438 1856 1665 1908 dissolvit,
1702 1860 1738 1899 is
1773 1871 1864 1899 non
1898 1872 2073 1899 necesse
2111 1863 2173 1898 est
2203 1859 2336 1898 comis

161 1923 265 1979 ipsis
295 1921 470 1964 infestas
491 1935 642 1964 manus
671 1924 848 1977 ingerat.
894 1923 1031 1965 Poeta
1062 1926 1190 1980 igitur
1211 1931 1441 1966 amatorem
1471 1923 1591 1967 iubet
1612 1931 1761 1967 contra
1784 1925 1944 1976 facere,
1976 1940 2102 1981 quam
2133 1924 2207 1966 ille
2238 1924 2338 1967 facit

163 1989 278 2046 apud
297 1989 564 2041 Terentium,
591 1991 666 2046 qui
686 1991 820 2046 ipsam
844 1989 1000 2047 capillo
1022 1991 1250 2042 conscidit,
1273 1998 1345 2033 aut
1365 1990 1573 2042 Ovidius,
1598 2007 1691 2033 cum
1716 1992 1817 2034 dicit
1832 1993 1977 2034 Amor.
1994 1992 2025 2034 I.
2041 1992 2158 2048 Eleg.
2178 1993 2223 2041 7,
2249 1993 2335 2033 ll.:

162 2070 265 2113 ergo
297 2070 378 2113 ego
410 2056 596 2114 digestos
627 2059 749 2113 potui
778 2056 940 2099 laniare
973 2057 1166 2114 capillos.
1218 2057 1414 2101 Ornatus
1445 2066 1584 2101 autem
1615 2059 1790 2116 pluralis
1820 2075 2025 2102 numerus
2057 2063 2222 2117 positus
2254 2068 2335 2111 est,

162 2126 263 2182 quia
294 2123 515 2167 ornandae
546 2139 694 2167 comae
715 2140 862 2182 magna
895 2133 985 2168 erat
1011 2128 1208 2167 varietas.
1242 2125 1361 2168 Ovid
1385 2127 1530 2169 Amor.
1556 2126 1624 2168 ΙΙΙ.
1648 2128 1765 2169 125.;
1797 2142 1885 2170 non
1907 2130 1989 2170 sint
2019 2130 2112 2170 sine
2142 2128 2238 2185 lege
2269 2144 2336 2170 ca-

161 2192 251 2250 pilli
281 2207 362 2235 nec
392 2206 525 2249 genus
557 2200 734 2235 ornatus
763 2207 894 2235 unum
935 2200 1024 2236 est:
1067 2200 1108 2235 et
1141 2193 1243 2236 ibid.
1274 2194 1422 2251 paullo
1453 2195 1562 2238 infra
1592 2211 1631 2237 v,
1662 2196 1779 2238 149.:
1826 2210 1906 2237 nec
1935 2197 2034 2238 mihi
2074 2204 2139 2239 tot
2170 2199 2335 2253 positus

160 2275 342 2303 numero
375 2260 686 2316 comprendere
717 2260 779 2303 sas
807 2268 887 2304 est:
919 2261 1064 2304 adiicit
1096 2270 1271 2304 ornatus
1301 2264 1492 2318 proxima
1524 2278 1723 2320 quaeque
1753 2264 1858 2306 dies.
1890 2265 2001 2307 conf.
2026 2264 2076 2308 C'.
2106 2264 2160 2307 G.
2181 2265 2334 2307 Jacob.

166 2328 408 2373 Comment.
433 2328 488 2371 de
519 2343 581 2371 us.
611 2343 726 2370 num.
747 2328 857 2385 plur.
880 2345 920 2386 p.
944 2329 1033 2380 30„
1075 2331 1148 2386 qui
1177 2329 1383 2386 pluralem
1415 2331 1468 2373 ad
1507 2332 1776 2374 artificiosam
1810 2333 1951 2389 capilli
1985 2335 2338 2389 compositionem

158 2396 301 2440 refert.
352 2423 356 2426 -
407 2394 446 2438 v.
471 2397 539 2439 64.
570 2397 768 2452 Heynius
790 2397 969 2440 Dousae
1002 2399 1292 2440 coniecturam
1318 2401 1424 2456 quoi
1451 2401 1685 2456 scripturae
1713 2416 1801 2458 quo
1835 2403 2100 2457 anteposuit,
2132 2401 2333 2457 idemque

159 2464 263 2507 fecit
284 2463 553 2516 Huschkius,
582 2467 664 2506 nisi
696 2465 816 2521 quod
846 2467 1014 2522 scripsit
1035 2467 1116 2508 cui.
1152 2467 1286 2522 Atqui
1309 2467 1442 2509 alicui
1457 2467 1667 2525 plorare,
1688 2469 1812 2520 flere
1837 2476 1898 2511 est
1923 2471 2059 2511 einem
2083 2476 2213 2511 etwas
2234 2484 2335 2510 vor-

158 2533 354 2574 weineu:
396 2532 546 2589 aliquo
577 2539 725 2575 autem
766 2535 884 2576 irato
908 2534 1032 2586 flere
1068 2533 1183 2576 valet
1214 2534 1320 2576 flere
1343 2567 1353 2585 ,
1391 2537 1425 2577 si
1467 2537 1562 2591 quis
1601 2538 1735 2578 iratus
1766 2539 1819 2579 sit
1849 2539 1874 2579 i.
1909 2551 1943 2579 e.
1974 2539 2144 2578 weinen
2165 2570 2174 2586 ‚
2204 2551 2333 2579 wenn

160 2600 277 2642 einer
298 2605 439 2642 ziirnt:
466 2599 510 2642 id
531 2602 669 2656 ipsum
689 2601 772 2642 hoc
791 2600 891 2643 loco
912 2608 1043 2658 poeta
1069 2601 1190 2653 dicit,
1218 2610 1264 2644 ut
1285 2618 1332 2644 ex
1356 2602 1506 2646 addito
1528 2603 1664 2646 verbo
1686 2611 1826 2660 potest
1846 2605 1928 2656 (dc
1951 2619 2038 2660 quo
2061 2605 2142 2646 vid.
2160 2605 2332 2647 Dissen.

162 2665 217 2709 ad
240 2666 278 2709 h.
304 2666 353 2720 l.)
386 2667 512 2709 facite
542 2670 827 2722 cognoscitur.
876 2669 974 2712 Iure
995 2671 1125 2726 igitur
1147 2671 1464 2722 Lachmannus‚
1495 2672 1739 2722 Dissenius,
1766 2672 1990 2729 Gruppius
2011 2672 2220 2728 vulgatam
2243 2687 2331 2729 quo

161 2739 346 2776 tuentur.
370 2758 421 2765 —
444 2749 484 2776 v.
500 2735 568 2777 68.
598 2736 684 2778 Pro
703 2736 903 2794 perfluat
928 2739 974 2779 in
997 2737 1088 2780 aliis
1108 2737 1228 2780 libris
1251 2738 1406 2794 legitur
1423 2740 1654 2797 praefluat
1678 2748 1749 2782 aut
1768 2741 1991 2796 profluat:
2024 2755 2132 2796 quae
2152 2742 2334 2782 varietas

162 2800 676 2859 compendioscripturae
704 2811 804 2846 nata
835 2811 910 2847 est.
949 2805 1153 2847 Heinsius
1181 2806 1393 2863 perpluat
1423 2810 1627 2850 coniecit:
1656 2807 1700 2849 id
1731 2814 1989 2865 receperunt
2010 2806 2333 2858 Broukhusius‚

158 2867 368 2925 Vulpius,
389 2869 601 2926 Heynius.
640 2871 718 2923 At,
743 2874 826 2914 nisi
845 2886 913 2914 me
935 2875 1077 2914 omnia
1096 2872 1268 2925 fallunt,
1298 2888 1388 2916 non
1407 2877 1519 2917 sicut
1540 2875 1820 2918 coenaculum
1843 2883 1915 2917 aut
1941 2878 2054 2932 tigna
2078 2875 2330 2932 perpluunt,

161 2937 286 2979 etiam
317 2938 434 2979 sinus
464 2937 649 2994 perpluit
678 2941 845 2995 pomis;
890 2942 1053 2997 quippe
1086 2942 1196 2983 enim
1226 2955 1316 2984 non
1345 2957 1428 2998 pet·
1456 2944 1631 2993 sinum,
1673 2942 1750 2984 sed
1780 2957 1804 2984 e
1832 2945 1932 2985 sinu
1962 2958 2089 3000 poma
2127 2943 2331 2986 decidunt
