2462 3112
1142 130 1290 171 xxx!

137 255 290 308 patus
319 248 548 293 amoribus.
575 262 704 289 -κῑ
722 247 770 289 -9,
806 246 939 289 Ullae
965 261 1060 289 non
1088 245 1164 288 ille
1193 245 1381 304 puellae.
1416 243 1601 302 Vulgata
1630 245 1731 296 ulli,
1761 247 1880 288 cuius
1910 253 2126 290 auctorem
2155 246 2293 290 Lach-

138 333 330 363 mannus=
349 318 682 370 dicittincertum
713 330 826 367 esse,
855 314 1037 372 probata
1068 321 1132 357 est
1152 315 1349 370 Heynio,
1380 316 1453 370 qui
1475 313 1650 356 alteram
1678 317 1928 370 scripturam
1957 323 1999 358 et
2018 317 2123 359 vitio
2150 322 2292 358 natam

138 395 183 432 et
210 386 502 438 numerorumff
515 384 770 428 iucunditati
806 383 959 426 obesse
987 383 1165 426 iudicat.
1216 381 1460 424 Huschkius
1489 390 1615 439 negat
1643 382 1725 425 ulli
1757 397 1851 425 non
1878 397 1960 439 pro
1990 398 2086 426 non
2114 377 2195 428 u'lli
2221 382 2294 427 usss-

139 470 282 519 quam-5,
291 456 477 512 positum
508 467 614 496 esse.
665 453 885 495 Sententia
912 466 1020 494 vsane
1050 458 1130 493 est:
1160 465 1257 492 nam
1288 464 1370 492 nec
1400 450 1487 492 ulla
1516 450 1659 507 puella
1691 450 1861 508 dignior
1891 459 1974 503 est,
2005 455 2072 494 cui
2102 453 2175 496 ille
2205 462 2293 496 ser-

137 527 357 578 viat,²ncc
383 521 498 565 ullus
527 525 614 573 vir,
643 524 713 564 cui
739 520 813 563 illa
842 522 1009 562 serviat.
1040 520 1175 562 Poeta
1203 518 1377 561 brevius
1405 518 1574 562 locutus
1605 527 1688 571 est,
1716 520 1791 563 sed
1821 522 2035 563 immutata
2062 521 2294 564 verborum

137 593 456 636 constructione
495 590 772 646 comparativi
800 589 884 630 vim
922 588 1138 630 transtulit
1176 587 1228 630 ad
1267 589 1412 644 ipsos,
1450 589 1649 630 iuvenem
1681 603 1731 630 ac
1759 588 1970 646 puellam,
2007 603 2115 646 quos
2142 597 2292 633 mutuo

136 662 296 704 amoris
330 658 503 702 vinculo
533 656 757 714 copulatos
785 656 889 699 vult.
940 657 1091 713 Itaque
1121 656 1241 698 dicit:
1278 657 1394 698 nicht
1423 657 1618 700 verdient
1646 659 1772 713 jener
1800 658 1941 708 mehr,
1977 658 2125 715 irgend
2155 661 2294 701 einem

138 729 331 772 anderen
360 726 603 778 Madchen,
629 725 743 767 noch
774 725 909 777 diese,
941 729 1077 768 einem
1108 725 1298 768 anderen
1326 726 1487 768 Manne
1518 741 1571 768 zu
1603 726 1770 768 dienen.
1817 727 1985 769 Graece
2013 727 2177 770 facilius
2204 742 2293 771 rem

137 796 359 854 explanes:
380 794 438 838 ου’
457 793 544 851 ’γάρ
563 791 814 848 δικαιότερος
833 793 866 848 ’ἦ
880 792 1098 849 ἀξιώτερος
1117 792 1277 843 ἐκεῖνός
1306 794 1396 836 ἔστι
1426 793 1664 837 δουλεύειν.
1703 794 1830 838 Conf.
1851 795 2043 852 properi.
2065 797 2103 847 Ῑ,
2126 797 2200 849 13,
2224 797 2294 840 34.

135 876 228 910 non
253 863 338 908 alio
366 864 510 907 limine
541 863 692 920 dignus
723 877 827 906 eras.
859 862 1065 906 Ceterum
1093 877 1221 905 nemo
1250 877 1340 904 non
1366 866 1540 915 sentiet,
1569 866 1706 906 minus
1736 866 1944 919 ingratum
1975 864 2150 907 auribus
2181 879 2294 917 esse,

136 934 259 978 ullae
286 929 375 976 n'on
401 933 476 976 ille
500 931 700 990 puellae,
731 947 856 988 quam
888 932 968 975 ulli
997 947 1086 975 non
1113 932 1189 974 ille
1217 932 1399 988 puellae.
1431 947 1562 989 quare
1583 932 1897 986 affectationis
1917 934 2075 974 crimen
2105 936 2294 990 iniquius

137 1018 231 1047 esse
261 1005 461 1046 existimo.
493 1025 546 1034 -
575 1016 616 1043 V.
648 1001 713 1044 15.
740 1015 820 1057 pro
849 1007 894 1043 et
921 1003 965 1043 in
993 1001 1084 1043 aliis
1117 1000 1238 1044 libris
1269 1008 1317 1044 at
1345 1001 1521 1058 legitur:
1552 1017 1678 1058 quam
1708 1004 1958 1058 scripturam
1991 1002 2294 1045 emendaturus

137 1073 338 1115 Heinsius
369 1072 551 1113 coniecit
572 1085 638 1112 cn.
671 1084 852 1126 eumque
883 1072 1018 1112 secuti
1047 1077 1147 1112 sunt
1169 1070 1490 1123 Broukhusius,
1518 1071 1737 1127 HeyniuS,
1767 1070 2035 1112 Huschkius:
2066 1074 2296 1113 assentitur

138 1143 261 1185 etiam
293 1139 516 1196 Gruppius
547 1141 614 1195 (p.
644 1139 750 1191 60),
782 1140 929 1195 qui‘se
959 1141 1122 1181 nescire
1153 1139 1328 1190 fatetur,
1360 1139 1464 1195 quid
1494 1146 1538 1182 et
1567 1140 1649 1181 hoc
1680 1139 1778 1182 loco
1810 1138 1891 1180 sibi
1921 1138 2035 1181 velit.
2075 1140 2133 1181 At
2161 1139 2293 1182 modo

137 1211 242 1253 dixit
272 1216 421 1267 poeta}
452 1209 542 1251 Ter
567 1207 646 1253 tibi
674 1206 725 1249 fit
753 1208 779 1248 i.
812 1222 848 1250 e.
885 1222 1050 1249 sacrum
1078 1206 1129 1248 fit
1158 1205 1248 1248 libo
1281 1214 1322 1248 et
1352 1221 1492 1249 mero:
1530 1208 1634 1249 haec
1666 1209 1793 1263 igitur
1824 1207 1937 1249 dona
1968 1215 2087 1250 sunt:
2123 1208 2188 1250 his
2220 1207 2296 1250 ad-

138 1278 243 1321 dere
262 1276 472 1320 'solebant
493 1291 666 1335 preces:
695 1278 842 1333 itaque
871 1282 915 1318 et
942 1276 1084 1318 locum
1115 1290 1236 1318 suum
1269 1274 1454 1318 obtinet:
1485 1276 1594 1317 auch
1617 1275 1800 1318 schreibt
1829 1275 1899 1318 die
1918 1276 2082 1318 Muttcr
2108 1291 2190 1318 vor
2218 1283 2296 1319 cet.

136 1345 307 1390 In'leni
337 1352 378 1388 et
409 1344 623 1402 aequabili
654 1346 857 1387 orationis
895 1359 1075 1400 genere,
1114 1344 1232 1401 quod
1268 1359 1348 1401 per
1376 1352 1528 1386 totum·
1543 1359 1713 1386 carmen
1743 1351 1915 1400 regnat,
1954 1345 2055 1386 mihi
2092 1352 2137 1387 et
2164 1346 2295 1402 magis

138 1417 261 1457 etiam
286 1413 446 1471 placet,
477 1427 602 1470 quam
632 1428 699 1456 en.
737 1413 854 1456 Idem
882 1416 1011 1455 sentit
1039 1414 1273 1456 Dissenius.
1325 1413 1530 1469 Denique
1561 1412 1737 1455 dubium
1768 1428 1856 1455 non
1891 1420 1972 1465 est,
2013 1416 2117 1470 quin
2148 1420 2296 1471 optet,

135 1496 225 1526 non
248 1488 377 1539 optat
405 1481 679 1524 scribendum
709 1483 778 1523 sit:
810 1489 986 1538 apparet
1018 1484 1162 1533 etiam,
1193 1497 1342 1524 sanum
1375 1497 1467 1524 esse
1502 1480 1625 1539 quod
1654 1482 1876 1535 (contu,
1908 1483 1952 1532 5,
1984 1482 2085 1535 18):
2114 1484 2175 1524 sie
2206 1487 2297 1538 sagt

136 1552 204 1594 ihr
233 1550 313 1594 das
337 1565 438 1603 vor,
467 1566 556 1593 was
579 1553 641 1592 sic
661 1551 892 1592 wiinschen
913 1550 1021 1593 oder
1051 1551 1239 1593 erflehen
1270 1550 1364 1601 soll.
1395 1547 1606 1591 studiosa
1628 1550 1854 1592 Dissenius
1874 1564 1955 1604 pro
1987 1547 2196 1590 adverbio
2216 1563 2296 1605 po-

134 1622 262 1671 situm
293 1619 412 1660 dicit:
441 1633 518 1674 ego
542 1618 648 1661 illud
670 1621 727 1661 ita
752 1618 935 1674 explico,
965 1627 1012 1660 ut
1043 1619 1096 1661 ad
1125 1621 1207 1661 vim
1236 1621 1445 1675 participii
1476 1617 1650 1660 accedat
1685 1633 1788 1674 »gar
1819 1618 1968 1674 eifrig«
2001 1616 2131 1673 μάλα
2156 1635 2294 1660 σπου-

136 1684 349 1738 δόξουσω
368 1685 527 1742 vquales
556 1692 710 1727 matres
739 1687 782 1727 in
812 1685 876 1727 his
907 1685 1080 1742 quidem
1109 1689 1292 1742 negotiis
1322 1687 1506 1729 filiarum
1540 1686 1683 1729 solent
1714 1701 1818 1729 esse.
1843 1710 1896 1718 —
1927 1702 1965 1729 v,
1987 1687 2054 1730 16.
2090 1686 2184 1729 Iam
2211 1702 2295 1730 sua

137 1754 326 1811 Scaliger
355 1769 405 1796 ex
436 1754 581 1797 Cuiac.
615 1753 752 1796 dedit:
789 1753 955 1796 accedit
984 1758 1211 1797 auctoritas
1242 1755 1337 1797 cod.
1370 1755 1475 1811 Reg.
1509 1763 1550 1797 et
1579 1754 1645 1797 ed.
1677 1756 1801 1797 Rom.
1858 1755 2038 1797 Planum
2067 1763 2130 1798 est
2149 1789 2158 1807 ‚
2190 1756 2295 1812 quid

136 1824 250 1866 dicat
278 1829 418 1879 poeta.
464 1822 659 1878 Heyuius
689 1829 830 1863 tamen
858 1829 1006 1878 putat,
1037 1822 1143 1864 haec
1174 1838 1198 1864 a
1227 1826 1371 1865 nativo
1403 1823 1552 1880 lepore
1581 1830 1623 1866 et
1653 1823 1915 1880 simplicitate
1944 1824 2071 1866 huius
2101 1826 2295 1867 carminis

135 1890 412 1935 aliena-esse.
442 1891 668 1934 Disseuius
699 1898 866 1943 contra,
903 1898 1128 1948 postquam
1166 1906 1214 1933 ea
1251 1891 1473 1947 explicavit
1502 1907 1631 1934 suum
1662 1892 1894 1934 arbitrium
1912 1925 1922 1943 ,
1952 1907 2060 1934 suos
2092 1891 2296 1946 affectus

133 1975 345 2020 sequens,
373 1973 537 2011 nonne,
566 1961 724 2015 inquit,
759 1974 870 2015 quae
898 1961 954 2001 ita
981 1959 1098 2010 facit,
1128 1961 1210 2000 iam
1239 1975 1323 2002 sua
1355 1964 1444 2002 est?
1473 1960 1567 2002 Itali
1596 1968 1883 2017 reposuerunt
1912 1963 2000 2003 iam
2028 1961 2133 2012 sibi,
2164 1963 2296 2004 Hein-

135 2027 224 2073 sius
254 2029 370 2072 clam
400 2027 498 2079 sibi,
532 2035 580 2070 ut
610 2028 670 2078 ll,
703 2027 748 2078 1,
780 2027 852 2068 84:
883 2027 1020 2084 palam
1051 2030 1216 2083 pecori,
1247 2027 1352 2070 clam
1385 2028 1467 2071 sibi
1497 2031 1680 2085 quisque
1713 2037 1852 2071 vocet.
1895 2030 2011 2072 Pers.
2042 2029 2127 2072 Sat.
2158 2030 2217 2082 Il,
2249 2030 2294 2071 5:

133 2098 219 2142 sibi
256 2100 487 2140 introrsum
525 2104 565 2139 et
604 2095 685 2138 sub
717 2095 859 2152 lingua
891 2099 1190 2139 immurmurat.
1241 2096 1391 2153 Itaque
1427 2098 1593 2140 Heinsii
1631 2100 1902 2140 coniecturae
1933 2098 2184 2154 plauserunt
2213 2100 2296 2140 viri

136 2167 277 2219 docti,
306 2173 354 2209 ut
383 2167 597 2222 Heynius,
628 2164 894 2215 Huschkius,
926 2165 1160 2222 Gruppius.
1188 2156 1336 2222 vAtque
1367 2168 1402 2207 is
1433 2166 1606 2223 quidem
1635 2166 1766 2208 verba
1796 2169 1884 2209 iam
1911 2181 1995 2209 sua
2024 2166 2134 2209 male
2163 2169 2297 2209 inter-

135 2238 276 2293 posita
314 2249 408 2278 esse
447 2235 567 2277 dicit:
604 2241 645 2276 at
682 2249 757 2276 cur
786 2233 957 2276 tandem
993 2241 1198 2276 commata
1228 2236 1306 2276 ista
1336 2249 1424 2276 non
1455 2234 1633 2286 delevit,
1673 2250 1766 2277 cum
1798 2235 1975 2277 liceret?
2011 2235 2161 2291 quidni
2191 2249 2295 2279 con-

135 2311 365 2348 struamus:
390 2303 480 2345 und
509 2304 608 2359 jene
638 2303 770 2345 sehon
800 2303 888 2344 sich
918 2302 1145 2359 angehtirig
1173 2304 1199 2346 i.
1231 2318 1265 2346 e.
1296 2303 1434 2345 festen
1465 2304 1591 2346 Sinns
1618 2303 1743 2346 bittet
1773 2305 1955 2347 anderes
1984 2305 2070 2347 still
2099 2306 2153 2346 im
2185 2305 2296 2347 Her-

134 2375 241 2417 zen?
274 2371 384 2414 Mihi
414 2371 530 2414 clam
557 2370 637 2414 sibi
665 2372 749 2413 hoc
773 2370 872 2414 loco
902 2371 1115 2428 displicet,
1146 2386 1237 2413 non
1267 2372 1385 2428 quod
1418 2372 1565 2414 eadem
1595 2373 1658 2415 his
1688 2372 1830 2415 verbis
1862 2375 2070 2416 sententia
2099 2373 2302 2416 videatur-

135 2441 335 2492 subesse,
373 2454 484 2496 quae
519 2439 663 2482 verbis
700 2442 838 2482 tacita
871 2446 1034 2482 mente:
1073 2442 1168 2497 quis
1199 2443 1327 2491 enim,
1366 2443 1439 2497 qui
1468 2450 1660 2484 veterum
1695 2457 1856 2484 morem
1893 2444 2107 2499 cognorit,
2151 2442 2196 2484 id
2226 2455 2296 2484 re-

134 2508 398 2567 prehendat?
436 2507 513 2550 sed
542 2509 696 2550 iccirco
726 2510 977 2565 scripturam
1007 2511 1094 2551 iam
1123 2524 1206 2551 sua
1237 2511 1447 2566 potiorem
1488 2509 1621 2562 duco,
1660 2513 1761 2567 quia
1797 2511 2016 2566 praeclare
2054 2511 2117 2553 bis
2150 2510 2294 2553 verbis

134 2577 415 2635 significatur,
445 2575 627 2633 puellam
659 2579 799 2619 animo
829 2579 911 2619 iam
937 2577 1187 2619 confirmato
1210 2577 1279 2619 vel
1310 2577 1523 2620 obstinato
1547 2594 1639 2621 sese
1667 2581 1811 2621 matris
1843 2579 2029 2622 consiliis
2059 2579 2175 2622 flecti
2203 2593 2295 2623 non

135 2659 355 2704 passuram
385 2659 499 2688 esse:
539 2640 827 2701 quod'aequc
857 2648 1025 2702 ingenio
1057 2646 1270 2703 Sulpiciae
1301 2654 1428 2703 atque
1458 2649 1681 2704 impotenti
1713 2650 1802 2690 eius
1833 2650 1966 2689 amori
1996 2649 2206 2690 convenit.
2237 2671 2294 2681 —

135 2731 177 2758 v.
207 2714 273 2756 19.
318 2712 502 2769 Vulgata
542 2719 607 2755 est
642 2714 699 2755 sit
739 2715 884 2755 iuveni
923 2720 1060 2772 grata
1079 2733 1092 2756 .·
1130 2713 1336 2757 adveniet
1377 2729 1476 2758 cum
1512 2719 1746 2772 proximus
1787 2731 1943 2758 annus.
2003 2715 2192 2771 Scaliger
2228 2718 2294 2760 sic

133 2785 282 2827 iuveni
307 2787 445 2841 grata
482 2789 522 2823 et
550 2783 595 2824 in
625 2781 911 2838 subsequente
939 2795 1069 2824 versu
1104 2797 1184 2837 pro
1218 2781 1335 2824 adsit
1365 2798 1415 2825 ex
1446 2782 1593 2826 Cuiac.
1633 2791 1749 2827 esset
1780 2783 1924 2826 dedit:
1975 2798 2157 2839 quorum
2189 2783 2295 2827 alte-

136 2866 230 2894 mm
265 2849 369 2907 quid
405 2851 477 2901 sit,
515 2851 585 2890 vix
620 2849 900 2906 intelligitur,
939 2851 974 2891 si
1013 2849 1184 2906 quidem
1214 2857 1351 2909 grata
1398 2851 1556 2894 dictum
1595 2860 1753 2895 statues
1787 2854 1805 2901 <
1813 2851 1911 2893 vide
1940 2852 2100 2908 Heynii
2129 2843 2294 2908 annot.)

135 2934 219 2977 pro
247 2925 384 2978 grata
411 2933 482 2969 re,
519 2917 695 2960 alterum
725 2925 865 2960 autem
894 2918 1083 2960 ieiunum
1117 2933 1210 2961 esse
1240 2927 1424 2975 apparet.
1479 2922 1704 2962 Praeterea
1734 2934 1822 2962 non
1851 2919 2004 2976 liquet,
2035 2935 2112 2963 cur
2139 2924 2294 2980 imper-

135 2989 292 3031 fectum
320 2988 504 3044 positum
533 2988 598 3029 sit.
629 2985 789 3028 Statius
818 2986 1058 3029 Florentini
1088 2986 1187 3029 libri
1208 2990 1382 3045 vestigia
1412 2996 1581 3030 secutus
1604 2989 1803 3031 coniecit:
1831 2990 1895 3031 sic
1924 2989 2070 3033 iuveni
2088 2997 2293 3048 gratum,-
