<?xml version="1.0" encoding="UTF-8"?>
<!DOCTYPE html PUBLIC "-//W3C//DTD XHTML 1.0 Transitional//EN"
    "http://www.w3.org/TR/xhtml1/DTD/xhtml1-transitional.dtd">
<html xmlns="http://www.w3.org/1999/xhtml" xml:lang="en" lang="en">
 <head>
  <title>
</title>
<meta http-equiv="Content-Type" content="text/html;charset=utf-8" />
  <meta name='ocr-system' content='tesseract 3.04.00' />
  <meta name='ocr-capabilities' content='ocr_page ocr_carea ocr_par ocr_line ocrx_word'/>
</head>
<body>
  <div class='ocr_page' id='page_1' title='image "annotationesadti00rigluoft_0053.png"; bbox 0 0 2462 3112; ppageno 0'>
   <div class='ocr_carea' id='block_1_1' title="bbox 1193 93 1275 133">
    <p class='ocr_par' dir='ltr' id='par_1_1' title="bbox 1193 93 1275 133">
     <span class='ocr_line' id='line_1_1' title="bbox 1193 93 1275 133; baseline -0.012 0"><span class='ocrx_word' id='word_1_1' title='bbox 1193 93 1275 133; x_wconf 79' lang='lat' dir='ltr'><strong>XV</strong></span> 
     </span>
    </p>
   </div>
   <div class='ocr_carea' id='block_1_2' title="bbox 102 210 2329 2994">
    <p class='ocr_par' dir='ltr' id='par_1_2' title="bbox 102 210 2329 2994">
     <span class='ocr_line' id='line_1_2' title="bbox 133 210 2328 273; baseline -0.003 -14"><span class='ocrx_word' id='word_1_2' title='bbox 133 229 240 260; x_wconf 76' lang='lat' dir='ltr'><strong>mus</strong></span> <span class='ocrx_word' id='word_1_3' title='bbox 263 221 422 273; x_wconf 74' lang='lat' dir='ltr'><strong>poetae</strong></span> <span class='ocrx_word' id='word_1_4' title='bbox 449 214 629 257; x_wconf 76' lang='lat' dir='ltr'><strong>affectus</strong></span> <span class='ocrx_word' id='word_1_5' title='bbox 656 220 781 265; x_wconf 87' lang='lat' dir='ltr'><strong>erat,</strong></span> <span class='ocrx_word' id='word_1_6' title='bbox 824 220 905 256; x_wconf 87' lang='lat' dir='ltr'><strong>tam</strong></span> <span class='ocrx_word' id='word_1_7' title='bbox 937 211 1260 256; x_wconf 80' lang='lat' dir='ltr'><strong>accommodata</strong></span> <span class='ocrx_word' id='word_1_8' title='bbox 1291 219 1414 263; x_wconf 88' lang='lat' dir='ltr'><strong>sunt,</strong></span> <span class='ocrx_word' id='word_1_9' title='bbox 1459 218 1507 254; x_wconf 88' lang='lat' dir='ltr'><strong>ut</strong></span> <span class='ocrx_word' id='word_1_10' title='bbox 1544 211 1660 254; x_wconf 88' lang='lat' dir='ltr'><strong>hunc</strong></span> <span class='ocrx_word' id='word_1_11' title='bbox 1696 211 1839 254; x_wconf 88' lang='lat' dir='ltr'><strong>locum</strong></span> <span class='ocrx_word' id='word_1_12' title='bbox 1869 210 2131 254; x_wconf 88' lang='lat' dir='ltr'><strong>laudandum</strong></span> <span class='ocrx_word' id='word_1_13' title='bbox 2162 212 2328 266; x_wconf 86' lang='lat' dir='ltr'><strong>potius,</strong></span> 
     </span>
     <span class='ocr_line' id='line_1_3' title="bbox 147 278 2329 342; baseline -0.003 -15"><span class='ocrx_word' id='word_1_14' title='bbox 147 281 705 342; x_wconf 71' lang='lat' dir='ltr'><strong>quami-eprehendendum</strong></span> <span class='ocrx_word' id='word_1_15' title='bbox 735 295 828 324; x_wconf 87' lang='lat' dir='ltr'><strong>esse</strong></span> <span class='ocrx_word' id='word_1_16' title='bbox 857 281 1055 324; x_wconf 87' lang='lat' dir='ltr'><strong>iudicem.</strong></span> <span class='ocrx_word' id='word_1_17' title='bbox 1085 303 1141 311; x_wconf 91' lang='lat'><strong>—-—</strong></span> <span class='ocrx_word' id='word_1_18' title='bbox 1169 295 1210 322; x_wconf 88' lang='lat' dir='ltr'><strong>v.</strong></span> <span class='ocrx_word' id='word_1_19' title='bbox 1240 281 1308 323; x_wconf 80' lang='lat'><strong>62.</strong></span> <span class='ocrx_word' id='word_1_20' title='bbox 1337 279 1444 323; x_wconf 80' lang='lat' dir='ltr'><strong>dum</strong></span> <span class='ocrx_word' id='word_1_21' title='bbox 1473 286 1580 322; x_wconf 78' lang='lat' dir='ltr'><strong>rota</strong></span> <span class='ocrx_word' id='word_1_22' title='bbox 1611 278 1814 333; x_wconf 58' lang='lat' dir='ltr'><strong>Luciferi</strong></span> <span class='ocrx_word' id='word_1_23' title='bbox 1844 302 1898 312; x_wconf 96' lang='lat'>—</span> <span class='ocrx_word' id='word_1_24' title='bbox 1928 286 2033 322; x_wconf 82' lang='lat' dir='ltr'><strong>orta</strong></span> <span class='ocrx_word' id='word_1_25' title='bbox 2064 278 2190 321; x_wconf 83' lang='lat' dir='ltr'><strong>diem.</strong></span> <span class='ocrx_word' id='word_1_26' title='bbox 2222 285 2329 321; x_wconf 77' lang='lat' dir='ltr'><strong>rota</strong></span> 
     </span>
     <span class='ocr_line' id='line_1_4' title="bbox 145 345 2329 410; baseline -0.004 -14"><span class='ocrx_word' id='word_1_27' title='bbox 145 365 228 410; x_wconf 78' lang='lat' dir='ltr'><strong>pro</strong></span> <span class='ocrx_word' id='word_1_28' title='bbox 258 364 396 396; x_wconf 83' lang='lat' dir='ltr'><strong>curru</strong></span> <span class='ocrx_word' id='word_1_29' title='bbox 425 352 613 408; x_wconf 89' lang='lat' dir='ltr'><strong>positum</strong></span> <span class='ocrx_word' id='word_1_30' title='bbox 643 356 726 402; x_wconf 86' lang='lat' dir='ltr'><strong>est,</strong></span> <span class='ocrx_word' id='word_1_31' title='bbox 753 350 854 406; x_wconf 89' lang='lat' dir='ltr'><strong>quia</strong></span> <span class='ocrx_word' id='word_1_32' title='bbox 884 356 1014 406; x_wconf 89' lang='lat' dir='ltr'><strong>poeta</strong></span> <span class='ocrx_word' id='word_1_33' title='bbox 1043 350 1235 406; x_wconf 78' lang='lat' dir='ltr'><strong>primum</strong></span> <span class='ocrx_word' id='word_1_34' title='bbox 1262 347 1393 391; x_wconf 76' lang='lat' dir='ltr'><strong>huius</strong></span> <span class='ocrx_word' id='word_1_35' title='bbox 1422 347 1584 391; x_wconf 70' lang='lat' dir='ltr'><strong>stellae</strong></span> <span class='ocrx_word' id='word_1_36' title='bbox 1613 354 1765 390; x_wconf 85' lang='lat' dir='ltr'><strong>ortum</strong></span> <span class='ocrx_word' id='word_1_37' title='bbox 1797 346 1978 403; x_wconf 77' lang='lat' dir='ltr'>intelligi</span> <span class='ocrx_word' id='word_1_38' title='bbox 2009 346 2158 389; x_wconf 82' lang='lat' dir='ltr'><strong>voluit.</strong></span> <span class='ocrx_word' id='word_1_39' title='bbox 2209 345 2329 389; x_wconf 83' lang='lat' dir='ltr'><strong>Oriri</strong></span> 
     </span>
     <span class='ocr_line' id='line_1_5' title="bbox 135 414 2328 476; baseline -0.002 -14"><span class='ocrx_word' id='word_1_40' title='bbox 135 424 442 476; x_wconf 41' lang='lat' dir='ltr'><strong>&gt;graece-sonat</strong></span> <span class='ocrx_word' id='word_1_41' title='bbox 455 416 747 472; x_wconf 57' lang='grc' dir='ltr'><strong>ἀνέρχεσθαι,</strong></span> <span class='ocrx_word' id='word_1_42' title='bbox 771 414 1050 470; x_wconf 72' lang='grc' dir='ltr'><em>ἀναφαίνειν.</em></span> <span class='ocrx_word' id='word_1_43' title='bbox 1082 415 1136 458; x_wconf 87' lang='lat' dir='ltr'><strong>de</strong></span> <span class='ocrx_word' id='word_1_44' title='bbox 1156 430 1286 458; x_wconf 91' lang='lat' dir='ltr'><strong>curru</strong></span> <span class='ocrx_word' id='word_1_45' title='bbox 1301 423 1442 458; x_wconf 87' lang='lat' dir='ltr'><strong>autem</strong></span> <span class='ocrx_word' id='word_1_46' title='bbox 1463 415 1654 458; x_wconf 82' lang='lat' dir='ltr'><strong>Luciferi</strong></span> <span class='ocrx_word' id='word_1_47' title='bbox 1675 415 1776 458; x_wconf 84' lang='lat' dir='ltr'><strong>vide</strong></span> <span class='ocrx_word' id='word_1_48' title='bbox 1793 414 2076 458; x_wconf 78' lang='lat' dir='ltr'><strong>Wernsdorf.</strong></span> <span class='ocrx_word' id='word_1_49' title='bbox 2098 415 2151 458; x_wconf 82' lang='lat' dir='ltr'><strong>ad</strong></span> <span class='ocrx_word' id='word_1_50' title='bbox 2171 414 2328 457; x_wconf 85' lang='lat' dir='ltr'><strong>lncert.</strong></span> 
     </span>
     <span class='ocr_line' id='line_1_6' title="bbox 134 482 2329 544; baseline -0.003 -14"><span class='ocrx_word' id='word_1_51' title='bbox 134 486 266 544; x_wconf 63' lang='grc' dir='ltr'><strong>Ε.Ιος</strong></span> <span class='ocrx_word' id='word_1_52' title='bbox 295 487 340 530; x_wconf 78' lang='lat' dir='ltr'><strong>in</strong></span> <span class='ocrx_word' id='word_1_53' title='bbox 370 485 476 529; x_wconf 87' lang='lat' dir='ltr'><strong>obit.</strong></span> <span class='ocrx_word' id='word_1_54' title='bbox 507 486 705 528; x_wconf 89' lang='lat' dir='ltr'><strong>Maecen.</strong></span> <span class='ocrx_word' id='word_1_55' title='bbox 735 486 838 527; x_wconf 86' lang='lat' dir='ltr'><strong>Exc.</strong></span> <span class='ocrx_word' id='word_1_56' title='bbox 869 486 926 527; x_wconf 85' lang='lat' dir='ltr'><strong>V.</strong></span> <span class='ocrx_word' id='word_1_57' title='bbox 976 485 1078 527; x_wconf 88' lang='lat' dir='ltr'><strong>Nec</strong></span> <span class='ocrx_word' id='word_1_58' title='bbox 1109 499 1215 527; x_wconf 87' lang='lat' dir='ltr'><strong>vero</strong></span> <span class='ocrx_word' id='word_1_59' title='bbox 1247 486 1282 527; x_wconf 90' lang='lat' dir='ltr'><strong>si</strong></span> <span class='ocrx_word' id='word_1_60' title='bbox 1313 491 1417 528; x_wconf 84' lang='lat' dir='ltr'><strong>rota</strong></span> <span class='ocrx_word' id='word_1_61' title='bbox 1452 483 1564 527; x_wconf 76' lang='lat' dir='ltr'><strong>solis</strong></span> <span class='ocrx_word' id='word_1_62' title='bbox 1593 497 1674 540; x_wconf 92' lang='lat' dir='ltr'><strong>pro</strong></span> <span class='ocrx_word' id='word_1_63' title='bbox 1706 482 1815 526; x_wconf 83' lang='lat' dir='ltr'><strong>orbe</strong></span> <span class='ocrx_word' id='word_1_64' title='bbox 1848 497 1927 525; x_wconf 89' lang='lat' dir='ltr'><strong>seu</strong></span> <span class='ocrx_word' id='word_1_65' title='bbox 1956 482 2080 526; x_wconf 79' lang='lat' dir='ltr'><strong>disco</strong></span> <span class='ocrx_word' id='word_1_66' title='bbox 2110 482 2221 525; x_wconf 72' lang='lat' dir='ltr'><strong>solis</strong></span> <span class='ocrx_word' id='word_1_67' title='bbox 2247 496 2329 538; x_wconf 92' lang='lat' dir='ltr'><strong>po-</strong></span> 
     </span>
     <span class='ocr_line' id='line_1_7' title="bbox 142 550 2326 609; baseline -0.002 -12"><span class='ocrx_word' id='word_1_68' title='bbox 142 555 281 606; x_wconf 78' lang='lat' dir='ltr'><strong>nitur,</strong></span> <span class='ocrx_word' id='word_1_69' title='bbox 311 556 521 597; x_wconf 80' lang='lat' dir='ltr'><strong>continuo</strong></span> <span class='ocrx_word' id='word_1_70' title='bbox 543 560 647 596; x_wconf 84' lang='lat' dir='ltr'><strong>rota</strong></span> <span class='ocrx_word' id='word_1_71' title='bbox 665 551 868 607; x_wconf 70' lang='lat' dir='ltr'><strong>Luciferi</strong></span> <span class='ocrx_word' id='word_1_72' title='bbox 886 551 970 595; x_wconf 92' lang='lat' dir='ltr'><strong>dici</strong></span> <span class='ocrx_word' id='word_1_73' title='bbox 996 559 1150 608; x_wconf 90' lang='lat' dir='ltr'><strong>potest.</strong></span> <span class='ocrx_word' id='word_1_74' title='bbox 1184 553 1279 594; x_wconf 89' lang='lat' dir='ltr'><strong>Nos</strong></span> <span class='ocrx_word' id='word_1_75' title='bbox 1310 565 1487 609; x_wconf 88' lang='lat' dir='ltr'><strong>quoque</strong></span> <span class='ocrx_word' id='word_1_76' title='bbox 1503 551 1700 602; x_wconf 88' lang='lat' dir='ltr'><strong>Sonne—‚</strong></span> <span class='ocrx_word' id='word_1_77' title='bbox 1731 550 2095 593; x_wconf 88' lang='lat' dir='ltr'><strong>Mond-Scheibe</strong></span> <span class='ocrx_word' id='word_1_78' title='bbox 2127 550 2326 592; x_wconf 82' lang='lat' dir='ltr'><strong>dicimus:</strong></span> 
     </span>
     <span class='ocr_line' id='line_1_8' title="bbox 138 617 2325 677; baseline -0.001 -14"><span class='ocrx_word' id='word_1_79' title='bbox 138 622 336 675; x_wconf 78' lang='lat' dir='ltr'><strong>Venus·‚</strong></span> <span class='ocrx_word' id='word_1_80' title='bbox 363 620 766 665; x_wconf 80' lang='lat' dir='ltr'><strong>Mercur·Sclieibe</strong></span> <span class='ocrx_word' id='word_1_81' title='bbox 785 621 881 677; x_wconf 89' lang='lat' dir='ltr'><strong>quis</strong></span> <span class='ocrx_word' id='word_1_82' title='bbox 899 634 1086 676; x_wconf 90' lang='lat' dir='ltr'><strong>unquam</strong></span> <span class='ocrx_word' id='word_1_83' title='bbox 1108 619 1286 662; x_wconf 78' lang='lat' dir='ltr'><strong>dixerit?</strong></span> <span class='ocrx_word' id='word_1_84' title='bbox 1316 621 1498 676; x_wconf 89' lang='lat' dir='ltr'><strong>quippe;</strong></span> <span class='ocrx_word' id='word_1_85' title='bbox 1523 617 1696 661; x_wconf 87' lang='lat' dir='ltr'><strong>illorum</strong></span> <span class='ocrx_word' id='word_1_86' title='bbox 1722 620 1831 660; x_wconf 89' lang='lat' dir='ltr'><strong>enim</strong></span> <span class='ocrx_word' id='word_1_87' title='bbox 1850 618 2118 675; x_wconf 82' lang='lat' dir='ltr'><strong>planetarum</strong></span> <span class='ocrx_word' id='word_1_88' title='bbox 2144 618 2325 661; x_wconf 88' lang='lat' dir='ltr'><strong>formam</strong></span> 
     </span>
     <span class='ocr_line' id='line_1_9' title="bbox 142 686 2324 743; baseline -0.002 -11"><span class='ocrx_word' id='word_1_89' title='bbox 142 687 262 732; x_wconf 85' lang='lat' dir='ltr'><strong>orbis</strong></span> <span class='ocrx_word' id='word_1_90' title='bbox 286 688 360 731; x_wconf 83' lang='lat' dir='ltr'><strong>vel</strong></span> <span class='ocrx_word' id='word_1_91' title='bbox 388 689 498 732; x_wconf 85' lang='lat' dir='ltr'><strong>disci</strong></span> <span class='ocrx_word' id='word_1_92' title='bbox 529 687 709 731; x_wconf 88' lang='lat' dir='ltr'><strong>similem</strong></span> <span class='ocrx_word' id='word_1_93' title='bbox 732 687 803 730; x_wconf 90' lang='lat' dir='ltr'><strong>vel</strong></span> <span class='ocrx_word' id='word_1_94' title='bbox 835 686 971 730; x_wconf 89' lang='lat' dir='ltr'><strong>oculis</strong></span> <span class='ocrx_word' id='word_1_95' title='bbox 997 688 1314 743; x_wconf 82' lang='lat' dir='ltr'><strong>cognoscimus:</strong></span> <span class='ocrx_word' id='word_1_96' title='bbox 1346 687 1531 729; x_wconf 86' lang='lat' dir='ltr'><strong>Veneris</strong></span> <span class='ocrx_word' id='word_1_97' title='bbox 1559 694 1601 728; x_wconf 88' lang='lat' dir='ltr'><strong>et</strong></span> <span class='ocrx_word' id='word_1_98' title='bbox 1620 686 1830 728; x_wconf 77' lang='lat' dir='ltr'><strong>Mercurii</strong></span> <span class='ocrx_word' id='word_1_99' title='bbox 1861 701 1949 729; x_wconf 92' lang='lat' dir='ltr'><strong>non</strong></span> <span class='ocrx_word' id='word_1_100' title='bbox 1978 689 2090 729; x_wconf 87' lang='lat' dir='ltr'><strong>item.</strong></span> <span class='ocrx_word' id='word_1_101' title='bbox 2114 711 2169 718; x_wconf 91' lang='lat'><strong>—-</strong></span> <span class='ocrx_word' id='word_1_102' title='bbox 2197 701 2238 729; x_wconf 75' lang='lat' dir='ltr'><strong>V.</strong></span> <span class='ocrx_word' id='word_1_103' title='bbox 2255 687 2324 728; x_wconf 87' lang='grc'><strong>64.</strong></span> 
     </span>
     <span class='ocr_line' id='line_1_10' title="bbox 143 753 2325 816; baseline -0.002 -15"><span class='ocrx_word' id='word_1_104' title='bbox 143 772 331 816; x_wconf 81' lang='lat' dir='ltr'><strong>operum</strong></span> <span class='ocrx_word' id='word_1_105' title='bbox 361 772 456 800; x_wconf 80' lang='lat' dir='ltr'><strong>var.</strong></span> <span class='ocrx_word' id='word_1_106' title='bbox 486 759 566 800; x_wconf 83' lang='lat' dir='ltr'><strong>vic.</strong></span> <span class='ocrx_word' id='word_1_107' title='bbox 594 770 727 813; x_wconf 87' lang='lat' dir='ltr'><strong>opera</strong></span> <span class='ocrx_word' id='word_1_108' title='bbox 757 763 858 798; x_wconf 86' lang='lat' dir='ltr'><strong>sunt</strong></span> <span class='ocrx_word' id='word_1_109' title='bbox 888 753 1122 808; x_wconf 74' lang='grc' dir='ltr'><em>φιλοτήσια</em></span> <span class='ocrx_word' id='word_1_110' title='bbox 1150 754 1259 809; x_wconf 70' lang='grc' dir='ltr'><strong>ἔργα</strong></span> <span class='ocrx_word' id='word_1_111' title='bbox 1289 754 1340 796; x_wconf 84' lang='lat' dir='ltr'><strong>cf.</strong></span> <span class='ocrx_word' id='word_1_112' title='bbox 1359 753 1491 797; x_wconf 85' lang='lat' dir='ltr'><strong>ovid.</strong></span> <span class='ocrx_word' id='word_1_113' title='bbox 1512 755 1606 796; x_wconf 86' lang='lat' dir='ltr'><strong>Am.</strong></span> <span class='ocrx_word' id='word_1_114' title='bbox 1627 754 1657 795; x_wconf 91' lang='lat' dir='ltr'><strong>l.</strong></span> <span class='ocrx_word' id='word_1_115' title='bbox 1689 754 1734 805; x_wconf 83' lang='lat'><strong>4,</strong></span> <span class='ocrx_word' id='word_1_116' title='bbox 1765 753 1832 795; x_wconf 83' lang='grc'><strong>48.</strong></span> <span class='ocrx_word' id='word_1_117' title='bbox 1865 753 1916 796; x_wconf 92' lang='lat'><strong>11.</strong></span> <span class='ocrx_word' id='word_1_118' title='bbox 1937 755 1985 805; x_wconf 88' lang='grc'><strong>8,</strong></span> <span class='ocrx_word' id='word_1_119' title='bbox 2015 754 2083 796; x_wconf 81' lang='grc'><strong>28.</strong></span> <span class='ocrx_word' id='word_1_120' title='bbox 2116 778 2170 785; x_wconf 91' lang='lat'><strong>-—</strong></span> <span class='ocrx_word' id='word_1_121' title='bbox 2201 753 2325 796; x_wconf 74' lang='lat' dir='ltr'><strong>V.65.</strong></span> 
     </span>
     <span class='ocr_line' id='line_1_11' title="bbox 141 820 2327 884; baseline -0.002 -15"><span class='ocrx_word' id='word_1_122' title='bbox 141 826 213 869; x_wconf 82' lang='lat' dir='ltr'><strong>At</strong></span> <span class='ocrx_word' id='word_1_123' title='bbox 247 833 326 868; x_wconf 82' lang='lat' dir='ltr'><strong>tua</strong></span> <span class='ocrx_word' id='word_1_124' title='bbox 354 823 605 884; x_wconf 78' lang='lat' dir='ltr'><strong>perdidicit.</strong></span> <span class='ocrx_word' id='word_1_125' title='bbox 655 825 857 881; x_wconf 81' lang='lat' dir='ltr'><strong>Heynius</strong></span> <span class='ocrx_word' id='word_1_126' title='bbox 888 824 1092 879; x_wconf 89' lang='lat' dir='ltr'><strong>scriptum</strong></span> <span class='ocrx_word' id='word_1_127' title='bbox 1121 822 1269 864; x_wconf 89' lang='lat' dir='ltr'><strong>maluit</strong></span> <span class='ocrx_word' id='word_1_128' title='bbox 1298 820 1410 865; x_wconf 78' lang='lat' dir='ltr'><strong>haec</strong></span> <span class='ocrx_word' id='word_1_129' title='bbox 1440 828 1518 864; x_wconf 81' lang='lat' dir='ltr'><strong>tua</strong></span> <span class='ocrx_word' id='word_1_130' title='bbox 1546 821 1722 880; x_wconf 84' lang='lat' dir='ltr'><strong>perdid.</strong></span> <span class='ocrx_word' id='word_1_131' title='bbox 1753 829 1826 864; x_wconf 88' lang='lat' dir='ltr'><strong>aut</strong></span> <span class='ocrx_word' id='word_1_132' title='bbox 1862 829 1907 864; x_wconf 86' lang='lat' dir='ltr'><strong>et</strong></span> <span class='ocrx_word' id='word_1_133' title='bbox 1937 828 2016 864; x_wconf 81' lang='lat' dir='ltr'><strong>tua</strong></span> <span class='ocrx_word' id='word_1_134' title='bbox 2044 820 2218 879; x_wconf 84' lang='lat' dir='ltr'><strong>perdid.</strong></span> <span class='ocrx_word' id='word_1_135' title='bbox 2267 822 2327 864; x_wconf 87' lang='lat' dir='ltr'><strong>At</strong></span> 
     </span>
     <span class='ocr_line' id='line_1_12' title="bbox 140 889 2325 949; baseline -0.003 -12"><span class='ocrx_word' id='word_1_136' title='bbox 140 893 246 936; x_wconf 88' lang='lat' dir='ltr'><strong>nihil</strong></span> <span class='ocrx_word' id='word_1_137' title='bbox 274 892 526 936; x_wconf 88' lang='lat' dir='ltr'><strong>mutandum</strong></span> <span class='ocrx_word' id='word_1_138' title='bbox 555 899 637 935; x_wconf 84' lang='lat' dir='ltr'><strong>est:</strong></span> <span class='ocrx_word' id='word_1_139' title='bbox 668 906 924 949; x_wconf 87' lang='lat' dir='ltr'><strong>quamquam</strong></span> <span class='ocrx_word' id='word_1_140' title='bbox 956 889 1183 941; x_wconf 83' lang='lat' dir='ltr'><strong>falluntur,</strong></span> <span class='ocrx_word' id='word_1_141' title='bbox 1215 892 1290 947; x_wconf 89' lang='lat' dir='ltr'><strong>qui</strong></span> <span class='ocrx_word' id='word_1_142' title='bbox 1319 889 1583 932; x_wconf 81' lang='lat' dir='ltr'><strong>arbitrentur</strong></span> <span class='ocrx_word' id='word_1_143' title='bbox 1599 893 1740 947; x_wconf 91' lang='lat' dir='ltr'><strong>poetis</strong></span> <span class='ocrx_word' id='word_1_144' title='bbox 1760 904 1889 946; x_wconf 80' lang='lat' dir='ltr'>saepe</span> <span class='ocrx_word' id='word_1_145' title='bbox 1920 904 2001 946; x_wconf 90' lang='lat' dir='ltr'><strong>pro</strong></span> <span class='ocrx_word' id='word_1_146' title='bbox 2034 905 2088 933; x_wconf 79' lang='lat' dir='ltr'><strong>ac</strong></span> <span class='ocrx_word' id='word_1_147' title='bbox 2119 892 2225 946; x_wconf 89' lang='lat' dir='ltr'><strong>poni</strong></span> <span class='ocrx_word' id='word_1_148' title='bbox 2254 896 2325 932; x_wconf 82' lang='lat' dir='ltr'><strong>at:</strong></span> 
     </span>
     <span class='ocr_line' id='line_1_13' title="bbox 144 957 2327 1018; baseline -0.002 -14"><span class='ocrx_word' id='word_1_149' title='bbox 144 960 200 1004; x_wconf 84' lang='lat' dir='ltr'><strong>dc</strong></span> <span class='ocrx_word' id='word_1_150' title='bbox 231 975 315 1018; x_wconf 90' lang='lat' dir='ltr'><strong>qua</strong></span> <span class='ocrx_word' id='word_1_151' title='bbox 341 975 390 1003; x_wconf 86' lang='lat' dir='ltr'><strong>re</strong></span> <span class='ocrx_word' id='word_1_152' title='bbox 422 959 644 1017; x_wconf 82' lang='lat' dir='ltr'><strong>praeclare</strong></span> <span class='ocrx_word' id='word_1_153' title='bbox 675 959 879 1002; x_wconf 83' lang='lat' dir='ltr'><strong>disseruit</strong></span> <span class='ocrx_word' id='word_1_154' title='bbox 904 957 1103 1000; x_wconf 87' lang='lat' dir='ltr'><strong>Handius</strong></span> <span class='ocrx_word' id='word_1_155' title='bbox 1134 958 1189 1000; x_wconf 87' lang='lat' dir='ltr'><strong>de</strong></span> <span class='ocrx_word' id='word_1_156' title='bbox 1220 958 1416 1014; x_wconf 85' lang='lat' dir='ltr'><strong>particul.</strong></span> <span class='ocrx_word' id='word_1_157' title='bbox 1455 959 1588 1001; x_wconf 87' lang='lat' dir='ltr'><strong>Poeta</strong></span> <span class='ocrx_word' id='word_1_158' title='bbox 1618 961 1815 1001; x_wconf 88' lang='lat' dir='ltr'><strong>nimirum</strong></span> <span class='ocrx_word' id='word_1_159' title='bbox 1845 958 1979 1001; x_wconf 91' lang='lat' dir='ltr'><strong>modo</strong></span> <span class='ocrx_word' id='word_1_160' title='bbox 2010 961 2172 1001; x_wconf 90' lang='lat' dir='ltr'><strong>sororis</strong></span> <span class='ocrx_word' id='word_1_161' title='bbox 2202 957 2327 1000; x_wconf 88' lang='lat' dir='ltr'><strong>lasci-</strong></span> 
     </span>
     <span class='ocr_line' id='line_1_14' title="bbox 142 1026 2326 1084; baseline -0.001 -14"><span class='ocrx_word' id='word_1_162' title='bbox 142 1031 252 1072; x_wconf 84' lang='lat' dir='ltr'><strong>viam</strong></span> <span class='ocrx_word' id='word_1_163' title='bbox 277 1036 321 1072; x_wconf 91' lang='lat' dir='ltr'><strong>et</strong></span> <span class='ocrx_word' id='word_1_164' title='bbox 343 1028 593 1071; x_wconf 83' lang='lat' dir='ltr'><strong>foeditatem</strong></span> <span class='ocrx_word' id='word_1_165' title='bbox 623 1029 801 1070; x_wconf 86' lang='lat' dir='ltr'><strong>notavit.</strong></span> <span class='ocrx_word' id='word_1_166' title='bbox 836 1034 925 1069; x_wconf 88' lang='lat' dir='ltr'><strong>tum</strong></span> <span class='ocrx_word' id='word_1_167' title='bbox 953 1026 1073 1068; x_wconf 87' lang='lat' dir='ltr'><strong>dicit:</strong></span> <span class='ocrx_word' id='word_1_168' title='bbox 1105 1033 1147 1068; x_wconf 89' lang='lat' dir='ltr'><strong>at</strong></span> <span class='ocrx_word' id='word_1_169' title='bbox 1172 1040 1263 1068; x_wconf 89' lang='lat' dir='ltr'><strong>non</strong></span> <span class='ocrx_word' id='word_1_170' title='bbox 1289 1028 1367 1068; x_wconf 91' lang='lat' dir='ltr'><strong>ista</strong></span> <span class='ocrx_word' id='word_1_171' title='bbox 1392 1026 1524 1069; x_wconf 91' lang='lat' dir='ltr'><strong>modo</strong></span> <span class='ocrx_word' id='word_1_172' title='bbox 1549 1034 1718 1084; x_wconf 85' lang='lat' dir='ltr'><strong>peccat,</strong></span> <span class='ocrx_word' id='word_1_173' title='bbox 1749 1041 1897 1069; x_wconf 89' lang='lat' dir='ltr'><strong>verum</strong></span> <span class='ocrx_word' id='word_1_174' title='bbox 1924 1028 2016 1083; x_wconf 89' lang='lat' dir='ltr'><strong>ipsa</strong></span> <span class='ocrx_word' id='word_1_175' title='bbox 2040 1034 2111 1069; x_wconf 88' lang='lat' dir='ltr'><strong>tua</strong></span> <span class='ocrx_word' id='word_1_176' title='bbox 2137 1029 2326 1069; x_wconf 82' lang='lat' dir='ltr'><strong>coniunx</strong></span> 
     </span>
     <span class='ocr_line' id='line_1_15' title="bbox 142 1094 2324 1152; baseline -0 -14"><span class='ocrx_word' id='word_1_177' title='bbox 142 1097 292 1140; x_wconf 88' lang='lat' dir='ltr'><strong>iisdem</strong></span> <span class='ocrx_word' id='word_1_178' title='bbox 316 1098 451 1146; x_wconf 81' lang='lat' dir='ltr'><strong>vitiis,</strong></span> <span class='ocrx_word' id='word_1_179' title='bbox 481 1094 640 1152; x_wconf 91' lang='lat' dir='ltr'><strong>quibus</strong></span> <span class='ocrx_word' id='word_1_180' title='bbox 663 1109 809 1146; x_wconf 88' lang='lat' dir='ltr'><strong>soror,</strong></span> <span class='ocrx_word' id='word_1_181' title='bbox 838 1096 1059 1151; x_wconf 89' lang='lat' dir='ltr'><strong>inquinata</strong></span> <span class='ocrx_word' id='word_1_182' title='bbox 1083 1101 1158 1136; x_wconf 88' lang='lat' dir='ltr'><strong>est.</strong></span> <span class='ocrx_word' id='word_1_183' title='bbox 1204 1094 1312 1137; x_wconf 88' lang='lat' dir='ltr'><strong>Inde</strong></span> <span class='ocrx_word' id='word_1_184' title='bbox 1337 1102 1534 1150; x_wconf 86' lang='lat' dir='ltr'><strong>apparet,</strong></span> <span class='ocrx_word' id='word_1_185' title='bbox 1565 1110 1692 1151; x_wconf 89' lang='lat' dir='ltr'><strong>quam</strong></span> <span class='ocrx_word' id='word_1_186' title='bbox 1717 1095 1942 1137; x_wconf 88' lang='lat' dir='ltr'><strong>commode</strong></span> <span class='ocrx_word' id='word_1_187' title='bbox 1965 1098 2149 1151; x_wconf 90' lang='lat' dir='ltr'><strong>positum</strong></span> <span class='ocrx_word' id='word_1_188' title='bbox 2181 1097 2235 1137; x_wconf 90' lang='lat' dir='ltr'><strong>sit</strong></span> <span class='ocrx_word' id='word_1_189' title='bbox 2263 1101 2324 1137; x_wconf 80' lang='lat' dir='ltr'><strong>at.</strong></span> 
     </span>
     <span class='ocr_line' id='line_1_16' title="bbox 144 1162 2324 1220; baseline -0.001 -13"><span class='ocrx_word' id='word_1_190' title='bbox 144 1163 352 1208; x_wconf 87' lang='lat' dir='ltr'><strong>Ceterum</strong></span> <span class='ocrx_word' id='word_1_191' title='bbox 381 1162 548 1206; x_wconf 72' lang='lat' dir='ltr'><strong>densus</strong></span> <span class='ocrx_word' id='word_1_192' title='bbox 578 1162 690 1206; x_wconf 81' lang='lat' dir='ltr'><strong>dens</strong></span> <span class='ocrx_word' id='word_1_193' title='bbox 724 1165 789 1216; x_wconf 84' lang='lat' dir='ltr'><strong>(v.</strong></span> <span class='ocrx_word' id='word_1_194' title='bbox 819 1163 918 1216; x_wconf 87' lang='grc'><strong>68.)</strong></span> <span class='ocrx_word' id='word_1_195' title='bbox 958 1170 1021 1204; x_wconf 89' lang='lat' dir='ltr'><strong>est</strong></span> <span class='ocrx_word' id='word_1_196' title='bbox 1061 1164 1129 1203; x_wconf 86' lang='lat' dir='ltr'><strong>cin</strong></span> <span class='ocrx_word' id='word_1_197' title='bbox 1170 1162 1308 1204; x_wconf 87' lang='lat' dir='ltr'><strong>feiner</strong></span> <span class='ocrx_word' id='word_1_198' title='bbox 1337 1163 1519 1204; x_wconf 90' lang='lat' dir='ltr'><strong>Kamm:</strong></span> <span class='ocrx_word' id='word_1_199' title='bbox 1560 1163 1656 1205; x_wconf 85' lang='lat' dir='ltr'><strong>talis</strong></span> <span class='ocrx_word' id='word_1_200' title='bbox 1695 1170 1851 1220; x_wconf 89' lang='lat' dir='ltr'><strong>pecten</strong></span> <span class='ocrx_word' id='word_1_201' title='bbox 1891 1165 2091 1206; x_wconf 89' lang='lat' dir='ltr'><strong>convenit</strong></span> <span class='ocrx_word' id='word_1_202' title='bbox 2121 1162 2324 1205; x_wconf 89' lang='lat' dir='ltr'><strong>tenuibus</strong></span> 
     </span>
     <span class='ocr_line' id='line_1_17' title="bbox 142 1230 2325 1288; baseline -0.001 -13"><span class='ocrx_word' id='word_1_203' title='bbox 142 1234 274 1275; x_wconf 89' lang='lat' dir='ltr'><strong>comis</strong></span> <span class='ocrx_word' id='word_1_204' title='bbox 300 1233 540 1274; x_wconf 83' lang='lat' dir='ltr'><strong>accuratius</strong></span> <span class='ocrx_word' id='word_1_205' title='bbox 572 1231 872 1288; x_wconf 85' lang='lat' dir='ltr'><strong>disponendis:</strong></span> <span class='ocrx_word' id='word_1_206' title='bbox 905 1231 974 1272; x_wconf 89' lang='lat' dir='ltr'><strong>alii</strong></span> <span class='ocrx_word' id='word_1_207' title='bbox 1002 1230 1128 1273; x_wconf 88' lang='lat' dir='ltr'><strong>aliter</strong></span> <span class='ocrx_word' id='word_1_208' title='bbox 1155 1230 1430 1287; x_wconf 83' lang='lat' dir='ltr'><strong>explicarunt.</strong></span> <span class='ocrx_word' id='word_1_209' title='bbox 1463 1230 1575 1273; x_wconf 87' lang='lat' dir='ltr'><strong>conf.</strong></span> <span class='ocrx_word' id='word_1_210' title='bbox 1595 1231 1766 1274; x_wconf 86' lang='lat' dir='ltr'><strong>Dissen.</strong></span> <span class='ocrx_word' id='word_1_211' title='bbox 1788 1231 1841 1274; x_wconf 87' lang='lat' dir='ltr'><strong>ad</strong></span> <span class='ocrx_word' id='word_1_212' title='bbox 1874 1231 1912 1274; x_wconf 90' lang='lat' dir='ltr'><strong>h.</strong></span> <span class='ocrx_word' id='word_1_213' title='bbox 1933 1231 1960 1274; x_wconf 86' lang='lat' dir='ltr'><strong>l.</strong></span> <span class='ocrx_word' id='word_1_214' title='bbox 1991 1255 2041 1261; x_wconf 93' lang='lat'>—</span> <span class='ocrx_word' id='word_1_215' title='bbox 2073 1246 2113 1272; x_wconf 74' lang='lat' dir='ltr'><strong>v,</strong></span> <span class='ocrx_word' id='word_1_216' title='bbox 2138 1232 2206 1272; x_wconf 87' lang='lat'><strong>69.</strong></span> <span class='ocrx_word' id='word_1_217' title='bbox 2237 1233 2325 1273; x_wconf 81' lang='lat' dir='ltr'><strong>ista</strong></span> 
     </span>
     <span class='ocr_line' id='line_1_18' title="bbox 141 1298 2326 1358; baseline -0 -16"><span class='ocrx_word' id='word_1_218' title='bbox 141 1299 254 1344; x_wconf 77' lang='lat' dir='ltr'><strong>haec</strong></span> <span class='ocrx_word' id='word_1_219' title='bbox 272 1299 518 1358; x_wconf 80' lang='lat' dir='ltr'><strong>persuadet</strong></span> <span class='ocrx_word' id='word_1_220' title='bbox 527 1299 695 1354; x_wconf 78' lang='lat' dir='ltr'><strong>facies.</strong></span> <span class='ocrx_word' id='word_1_221' title='bbox 733 1299 839 1342; x_wconf 90' lang='lat' dir='ltr'><strong>haec</strong></span> <span class='ocrx_word' id='word_1_222' title='bbox 867 1298 1001 1342; x_wconf 89' lang='lat' dir='ltr'><strong>verba</strong></span> <span class='ocrx_word' id='word_1_223' title='bbox 1020 1299 1118 1341; x_wconf 87' lang='lat' dir='ltr'><strong>mihi</strong></span> <span class='ocrx_word' id='word_1_224' title='bbox 1150 1313 1230 1355; x_wconf 86' lang='lat' dir='ltr'><strong>per</strong></span> <span class='ocrx_word' id='word_1_225' title='bbox 1258 1300 1635 1354; x_wconf 82' lang='lat' dir='ltr'><strong>interrogationem</strong></span> <span class='ocrx_word' id='word_1_226' title='bbox 1667 1315 1762 1342; x_wconf 89' lang='lat' dir='ltr'><strong>cum</strong></span> <span class='ocrx_word' id='word_1_227' title='bbox 1792 1301 1991 1343; x_wconf 89' lang='lat' dir='ltr'><strong>irrisione</strong></span> <span class='ocrx_word' id='word_1_228' title='bbox 2019 1302 2204 1342; x_wconf 85' lang='lat' dir='ltr'><strong>iunctam</strong></span> <span class='ocrx_word' id='word_1_229' title='bbox 2223 1313 2326 1356; x_wconf 85' lang='lat' dir='ltr'><strong>pro-</strong></span> 
     </span>
     <span class='ocr_line' id='line_1_19' title="bbox 102 1366 2323 1425; baseline -0.001 -14"><span class='ocrx_word' id='word_1_230' title='bbox 102 1391 104 1394; x_wconf 43' lang='lat'>*</span> <span class='ocrx_word' id='word_1_231' title='bbox 139 1368 374 1412; x_wconf 86' lang='lat' dir='ltr'><strong>nuntianda</strong></span> <span class='ocrx_word' id='word_1_232' title='bbox 393 1367 612 1420; x_wconf 84' lang='lat' dir='ltr'><strong>videntur,</strong></span> <span class='ocrx_word' id='word_1_233' title='bbox 637 1370 760 1410; x_wconf 88' lang='lat' dir='ltr'><strong>sicuti</strong></span> <span class='ocrx_word' id='word_1_234' title='bbox 779 1382 851 1419; x_wconf 91' lang='lat' dir='ltr'><strong>ea,</strong></span> <span class='ocrx_word' id='word_1_235' title='bbox 879 1382 991 1424; x_wconf 89' lang='lat' dir='ltr'><strong>quae</strong></span> <span class='ocrx_word' id='word_1_236' title='bbox 1011 1366 1160 1424; x_wconf 88' lang='lat' dir='ltr'><strong>paullo</strong></span> <span class='ocrx_word' id='word_1_237' title='bbox 1179 1382 1310 1423; x_wconf 87' lang='lat' dir='ltr'><strong>supra</strong></span> <span class='ocrx_word' id='word_1_238' title='bbox 1334 1366 1552 1422; x_wconf 88' lang='lat' dir='ltr'><strong>leguntur,</strong></span> <span class='ocrx_word' id='word_1_239' title='bbox 1578 1374 1685 1410; x_wconf 84' lang='lat' dir='ltr'><strong>tune</strong></span> <span class='ocrx_word' id='word_1_240' title='bbox 1703 1375 1841 1425; x_wconf 81' lang='lat' dir='ltr'><strong>putas</strong></span> <span class='ocrx_word' id='word_1_241' title='bbox 1866 1376 1965 1411; x_wconf 87' lang='lat' dir='ltr'><strong>cet.:</strong></span> <span class='ocrx_word' id='word_1_242' title='bbox 2002 1370 2194 1424; x_wconf 89' lang='lat' dir='ltr'><strong>sequitur</strong></span> <span class='ocrx_word' id='word_1_243' title='bbox 2211 1370 2323 1410; x_wconf 85' lang='lat' dir='ltr'><strong>enim</strong></span> 
     </span>
     <span class='ocr_line' id='line_1_20' title="bbox 139 1434 2325 1493; baseline -0.001 -13"><span class='ocrx_word' id='word_1_244' title='bbox 139 1451 234 1480; x_wconf 85' lang='lat' dir='ltr'><strong>non</strong></span> <span class='ocrx_word' id='word_1_245' title='bbox 250 1435 338 1480; x_wconf 82' lang='lat' dir='ltr'><strong>tibi.</strong></span> <span class='ocrx_word' id='word_1_246' title='bbox 371 1435 647 1492; x_wconf 85' lang='lat' dir='ltr'><strong>Intelligitur,</strong></span> <span class='ocrx_word' id='word_1_247' title='bbox 677 1438 809 1479; x_wconf 78' lang='lat' dir='ltr'><strong>istam</strong></span> <span class='ocrx_word' id='word_1_248' title='bbox 833 1434 950 1478; x_wconf 81' lang='lat' dir='ltr'><strong>hanc</strong></span> <span class='ocrx_word' id='word_1_249' title='bbox 969 1435 1118 1478; x_wconf 89' lang='lat' dir='ltr'><strong>faciem</strong></span> <span class='ocrx_word' id='word_1_250' title='bbox 1138 1450 1232 1477; x_wconf 90' lang='lat' dir='ltr'><strong>esse</strong></span> <span class='ocrx_word' id='word_1_251' title='bbox 1252 1442 1399 1477; x_wconf 85' lang='lat' dir='ltr'><strong>tetram</strong></span> <span class='ocrx_word' id='word_1_252' title='bbox 1414 1442 1456 1477; x_wconf 92' lang='lat' dir='ltr'><strong>et</strong></span> <span class='ocrx_word' id='word_1_253' title='bbox 1478 1434 1712 1479; x_wconf 84' lang='lat' dir='ltr'><strong>deformem</strong></span> <span class='ocrx_word' id='word_1_254' title='bbox 1726 1471 1735 1488; x_wconf 89' lang='lat'><strong>‚</strong></span> <span class='ocrx_word' id='word_1_255' title='bbox 1766 1437 1946 1480; x_wconf 82' lang='lat' dir='ltr'><strong>fortasse</strong></span> <span class='ocrx_word' id='word_1_256' title='bbox 1964 1436 2135 1493; x_wconf 90' lang='lat' dir='ltr'><strong>qualem</strong></span> <span class='ocrx_word' id='word_1_257' title='bbox 2157 1443 2325 1479; x_wconf 87' lang='lat' dir='ltr'><strong>nostra-</strong></span> 
     </span>
     <span class='ocr_line' id='line_1_21' title="bbox 141 1503 2324 1561; baseline -0.001 -13"><span class='ocrx_word' id='word_1_258' title='bbox 141 1512 207 1548; x_wconf 89' lang='lat' dir='ltr'><strong>tes</strong></span> <span class='ocrx_word' id='word_1_259' title='bbox 231 1511 389 1548; x_wconf 89' lang='lat' dir='ltr'><strong>vocant</strong></span> <span class='ocrx_word' id='word_1_260' title='bbox 394 1504 570 1558; x_wconf 75' lang='lat' dir='ltr'><strong>fratze.</strong></span> <span class='ocrx_word' id='word_1_261' title='bbox 604 1503 775 1547; x_wconf 84' lang='lat' dir='ltr'><strong>Omissa</strong></span> <span class='ocrx_word' id='word_1_262' title='bbox 796 1511 936 1546; x_wconf 90' lang='lat' dir='ltr'><strong>tamen</strong></span> <span class='ocrx_word' id='word_1_263' title='bbox 954 1503 1162 1561; x_wconf 87' lang='lat' dir='ltr'><strong>particula</strong></span> <span class='ocrx_word' id='word_1_264' title='bbox 1184 1511 1233 1546; x_wconf 83' lang='lat' dir='ltr'><strong>ut</strong></span> <span class='ocrx_word' id='word_1_265' title='bbox 1251 1503 1454 1546; x_wconf 81' lang='lat' dir='ltr'><strong>offendit:</strong></span> <span class='ocrx_word' id='word_1_266' title='bbox 1479 1517 1560 1545; x_wconf 91' lang='lat' dir='ltr'><strong>nec</strong></span> <span class='ocrx_word' id='word_1_267' title='bbox 1580 1504 1703 1547; x_wconf 91' lang='lat' dir='ltr'><strong>locus</strong></span> <span class='ocrx_word' id='word_1_268' title='bbox 1721 1505 2005 1548; x_wconf 85' lang='lat' dir='ltr'><strong>Sallustianus</strong></span> <span class='ocrx_word' id='word_1_269' title='bbox 2024 1504 2079 1547; x_wconf 91' lang='lat' dir='ltr'><strong>ab</strong></span> <span class='ocrx_word' id='word_1_270' title='bbox 2098 1503 2324 1546; x_wconf 87' lang='lat' dir='ltr'><strong>Huschkio</strong></span> 
     </span>
     <span class='ocr_line' id='line_1_22' title="bbox 141 1562 2325 1630; baseline -0.001 -14"><span class='ocrx_word' id='word_1_271' title='bbox 141 1581 183 1616; x_wconf 87' lang='lat' dir='ltr'><strong>ct</strong></span> <span class='ocrx_word' id='word_1_272' title='bbox 198 1571 404 1616; x_wconf 83' lang='lat' dir='ltr'><strong>Dissenio</strong></span> <span class='ocrx_word' id='word_1_273' title='bbox 430 1572 621 1629; x_wconf 88' lang='lat' dir='ltr'><strong>prolatus</strong></span> <span class='ocrx_word' id='word_1_274' title='bbox 653 1572 886 1629; x_wconf 87' lang='lat' dir='ltr'><strong>quidquam</strong></span> <span class='ocrx_word' id='word_1_275' title='bbox 919 1562 974 1614; x_wconf 84' lang='lat' dir='ltr'><strong>ad</strong></span> <span class='ocrx_word' id='word_1_276' title='bbox 1004 1571 1241 1614; x_wconf 82' lang='lat' dir='ltr'><strong>tollendam</strong></span> <span class='ocrx_word' id='word_1_277' title='bbox 1265 1573 1376 1614; x_wconf 90' lang='lat' dir='ltr'><strong>hanc</strong></span> <span class='ocrx_word' id='word_1_278' title='bbox 1402 1572 1689 1615; x_wconf 80' lang='lat' dir='ltr'><strong>offensionem</strong></span> <span class='ocrx_word' id='word_1_279' title='bbox 1716 1573 1906 1630; x_wconf 90' lang='lat' dir='ltr'><strong>prodest.</strong></span> <span class='ocrx_word' id='word_1_280' title='bbox 1949 1574 2067 1630; x_wconf 83' lang='lat' dir='ltr'><strong>Lege</strong></span> <span class='ocrx_word' id='word_1_281' title='bbox 2092 1580 2325 1628; x_wconf 89' lang='lat' dir='ltr'><strong>utrumque</strong></span> 
     </span>
     <span class='ocr_line' id='line_1_23' title="bbox 138 1639 2329 1698; baseline 0 -14"><span class='ocrx_word' id='word_1_282' title='bbox 138 1641 283 1685; x_wconf 91' lang='lat' dir='ltr'><strong>locum</strong></span> <span class='ocrx_word' id='word_1_283' title='bbox 314 1648 356 1683; x_wconf 89' lang='lat' dir='ltr'><strong>et</strong></span> <span class='ocrx_word' id='word_1_284' title='bbox 384 1655 548 1683; x_wconf 89' lang='lat' dir='ltr'><strong>mecum</strong></span> <span class='ocrx_word' id='word_1_285' title='bbox 578 1643 747 1683; x_wconf 89' lang='lat' dir='ltr'><strong>senties.</strong></span> <span class='ocrx_word' id='word_1_286' title='bbox 793 1639 1007 1696; x_wconf 88' lang='lat' dir='ltr'><strong>Equidem</strong></span> <span class='ocrx_word' id='word_1_287' title='bbox 1038 1639 1193 1683; x_wconf 86' lang='lat' dir='ltr'><strong>vellem</strong></span> <span class='ocrx_word' id='word_1_288' title='bbox 1233 1643 1464 1697; x_wconf 89' lang='lat' dir='ltr'><strong>scriptum:</strong></span> <span class='ocrx_word' id='word_1_289' title='bbox 1505 1640 1588 1684; x_wconf 82' lang='lat' dir='ltr'><strong>Ista</strong></span> <span class='ocrx_word' id='word_1_290' title='bbox 1627 1642 1735 1684; x_wconf 90' lang='lat' dir='ltr'><strong>haec</strong></span> <span class='ocrx_word' id='word_1_291' title='bbox 1765 1641 1997 1698; x_wconf 87' lang='lat' dir='ltr'><strong>persuadet</strong></span> <span class='ocrx_word' id='word_1_292' title='bbox 2027 1641 2183 1692; x_wconf 88' lang='lat' dir='ltr'><strong>facies,</strong></span> <span class='ocrx_word' id='word_1_293' title='bbox 2216 1653 2329 1684; x_wconf 86' lang='lat' dir='ltr'><strong>auro·</strong></span> 
     </span>
     <span class='ocr_line' id='line_1_24' title="bbox 138 1708 2326 1768; baseline -0 -16"><span class='ocrx_word' id='word_1_294' title='bbox 138 1717 274 1767; x_wconf 89' lang='lat' dir='ltr'><strong>utque</strong></span> <span class='ocrx_word' id='word_1_295' title='bbox 297 1708 484 1751; x_wconf 85' lang='lat' dir='ltr'><strong>lacertos</strong></span> <span class='ocrx_word' id='word_1_296' title='bbox 506 1710 681 1751; x_wconf 83' lang='lat' dir='ltr'><strong>Vinciat</strong></span> <span class='ocrx_word' id='word_1_297' title='bbox 709 1716 751 1751; x_wconf 91' lang='lat' dir='ltr'><strong>et</strong></span> <span class='ocrx_word' id='word_1_298' title='bbox 770 1709 911 1765; x_wconf 83' lang='lat' dir='ltr'><strong>Tyrio</strong></span> <span class='ocrx_word' id='word_1_299' title='bbox 936 1708 1119 1764; x_wconf 86' lang='lat' dir='ltr'><strong>prodeat</strong></span> <span class='ocrx_word' id='word_1_300' title='bbox 1145 1716 1241 1765; x_wconf 88' lang='lat' dir='ltr'><strong>apta</strong></span> <span class='ocrx_word' id='word_1_301' title='bbox 1266 1711 1373 1751; x_wconf 91' lang='lat' dir='ltr'><strong>sinu.</strong></span> <span class='ocrx_word' id='word_1_302' title='bbox 1397 1732 1451 1741; x_wconf 96' lang='lat'><strong>—</strong></span> <span class='ocrx_word' id='word_1_303' title='bbox 1482 1724 1521 1752; x_wconf 75' lang='grc' dir='ltr'><strong>ν.</strong></span> <span class='ocrx_word' id='word_1_304' title='bbox 1547 1709 1613 1751; x_wconf 88' lang='grc'><strong>75.</strong></span> <span class='ocrx_word' id='word_1_305' title='bbox 1653 1709 1771 1754; x_wconf 88' lang='lat' dir='ltr'><strong>Huic</strong></span> <span class='ocrx_word' id='word_1_306' title='bbox 1794 1725 1929 1767; x_wconf 76' lang='lat' dir='ltr'><strong>puer:</strong></span> <span class='ocrx_word' id='word_1_307' title='bbox 1959 1708 2078 1752; x_wconf 77' lang='lat' dir='ltr'><strong>hunc</strong></span> <span class='ocrx_word' id='word_1_308' title='bbox 2108 1724 2196 1768; x_wconf 81' lang='lat' dir='ltr'><strong>ego</strong></span> <span class='ocrx_word' id='word_1_309' title='bbox 2229 1724 2326 1752; x_wconf 86' lang='lat' dir='ltr'><strong>cre-</strong></span> 
     </span>
     <span class='ocr_line' id='line_1_25' title="bbox 143 1776 2326 1835; baseline -0 -15"><span class='ocrx_word' id='word_1_310' title='bbox 143 1776 248 1820; x_wconf 79' lang='lat' dir='ltr'><strong>dam</strong></span> <span class='ocrx_word' id='word_1_311' title='bbox 274 1791 374 1820; x_wconf 84' lang='lat' dir='ltr'><strong>cum</strong></span> <span class='ocrx_word' id='word_1_312' title='bbox 398 1776 597 1820; x_wconf 79' lang='lat' dir='ltr'><strong>trucibus</strong></span> <span class='ocrx_word' id='word_1_313' title='bbox 624 1777 671 1818; x_wconf 90' lang='lat' dir='ltr'><em>V</em></span> <span class='ocrx_word' id='word_1_314' title='bbox 670 1791 846 1819; x_wconf 64' lang='grc' dir='ltr'><strong>επεν-επὶ</strong></span> <span class='ocrx_word' id='word_1_315' title='bbox 871 1799 925 1809; x_wconf 91' lang='grc'>-</span> <span class='ocrx_word' id='word_1_316' title='bbox 949 1777 1039 1819; x_wconf 85' lang='lat' dir='ltr'><strong>Etsi</strong></span> <span class='ocrx_word' id='word_1_317' title='bbox 1068 1776 1216 1834; x_wconf 85' lang='lat' dir='ltr'><strong>paullo</strong></span> <span class='ocrx_word' id='word_1_318' title='bbox 1239 1791 1368 1833; x_wconf 86' lang='lat' dir='ltr'><strong>supra</strong></span> <span class='ocrx_word' id='word_1_319' title='bbox 1390 1779 1584 1833; x_wconf 84' lang='lat' dir='ltr'><strong>proxime</strong></span> <span class='ocrx_word' id='word_1_320' title='bbox 1615 1777 1875 1820; x_wconf 89' lang='lat' dir='ltr'><strong>collocatum</strong></span> <span class='ocrx_word' id='word_1_321' title='bbox 1906 1786 1968 1821; x_wconf 89' lang='lat' dir='ltr'><strong>est</strong></span> <span class='ocrx_word' id='word_1_322' title='bbox 1998 1778 2122 1821; x_wconf 83' lang='lat' dir='ltr'><strong>culta</strong></span> <span class='ocrx_word' id='word_1_323' title='bbox 2149 1778 2326 1835; x_wconf 83' lang='lat' dir='ltr'><strong>puella,</strong></span> 
     </span>
     <span class='ocr_line' id='line_1_26' title="bbox 141 1843 2324 1904; baseline 0 -16"><span class='ocrx_word' id='word_1_324' title='bbox 141 1858 270 1889; x_wconf 88' lang='lat' dir='ltr'><strong>nemo</strong></span> <span class='ocrx_word' id='word_1_325' title='bbox 299 1851 442 1887; x_wconf 88' lang='lat' dir='ltr'><strong>tamen</strong></span> <span class='ocrx_word' id='word_1_326' title='bbox 465 1847 671 1887; x_wconf 86' lang='lat' dir='ltr'><strong>attentior</strong></span> <span class='ocrx_word' id='word_1_327' title='bbox 698 1843 823 1894; x_wconf 77' lang='lat' dir='ltr'><strong>huic,</strong></span> <span class='ocrx_word' id='word_1_328' title='bbox 855 1846 928 1901; x_wconf 91' lang='lat' dir='ltr'><strong>qui</strong></span> <span class='ocrx_word' id='word_1_329' title='bbox 957 1860 1097 1888; x_wconf 74' lang='lat' dir='ltr'><strong>senex</strong></span> <span class='ocrx_word' id='word_1_330' title='bbox 1123 1853 1203 1898; x_wconf 90' lang='lat' dir='ltr'><strong>est,</strong></span> <span class='ocrx_word' id='word_1_331' title='bbox 1233 1846 1432 1902; x_wconf 80' lang='lat' dir='ltr'><strong>puellam</strong></span> <span class='ocrx_word' id='word_1_332' title='bbox 1461 1846 1688 1904; x_wconf 80' lang='lat' dir='ltr'><strong>intelliget:</strong></span> <span class='ocrx_word' id='word_1_333' title='bbox 1719 1846 1829 1889; x_wconf 88' lang='lat' dir='ltr'><strong>illud</strong></span> <span class='ocrx_word' id='word_1_334' title='bbox 1861 1861 1968 1889; x_wconf 83' lang='lat' dir='ltr'><strong>vero</strong></span> <span class='ocrx_word' id='word_1_335' title='bbox 1990 1846 2211 1889; x_wconf 87' lang='lat' dir='ltr'><strong>molestius</strong></span> <span class='ocrx_word' id='word_1_336' title='bbox 2240 1854 2324 1898; x_wconf 90' lang='lat' dir='ltr'><strong>est,</strong></span> 
     </span>
     <span class='ocr_line' id='line_1_27' title="bbox 141 1911 2326 1971; baseline 0 -15"><span class='ocrx_word' id='word_1_337' title='bbox 141 1913 260 1971; x_wconf 88' lang='lat' dir='ltr'><strong>quod</strong></span> <span class='ocrx_word' id='word_1_338' title='bbox 290 1914 428 1956; x_wconf 87' lang='lat' dir='ltr'><strong>statim</strong></span> <span class='ocrx_word' id='word_1_339' title='bbox 458 1911 739 1969; x_wconf 86' lang='lat' dir='ltr'><strong>subsequitur</strong></span> <span class='ocrx_word' id='word_1_340' title='bbox 768 1911 888 1956; x_wconf 80' lang='lat' dir='ltr'><strong>hunc</strong></span> <span class='ocrx_word' id='word_1_341' title='bbox 906 1945 919 1963; x_wconf 92' lang='lat'><em>,</em></span> <span class='ocrx_word' id='word_1_342' title='bbox 955 1915 1030 1969; x_wconf 91' lang='lat' dir='ltr'><strong>qui</strong></span> <span class='ocrx_word' id='word_1_343' title='bbox 1054 1929 1170 1970; x_wconf 83' lang='lat' dir='ltr'><strong>puer</strong></span> <span class='ocrx_word' id='word_1_344' title='bbox 1199 1921 1289 1966; x_wconf 89' lang='lat' dir='ltr'><strong>est,</strong></span> <span class='ocrx_word' id='word_1_345' title='bbox 1320 1928 1410 1956; x_wconf 91' lang='lat' dir='ltr'><strong>non</strong></span> <span class='ocrx_word' id='word_1_346' title='bbox 1440 1930 1592 1957; x_wconf 73' lang='lat' dir='ltr'><strong>senex.</strong></span> <span class='ocrx_word' id='word_1_347' title='bbox 1632 1917 1667 1957; x_wconf 91' lang='lat' dir='ltr'><strong>is</strong></span> <span class='ocrx_word' id='word_1_348' title='bbox 1706 1917 1816 1958; x_wconf 86' lang='lat' dir='ltr'><strong>enim</strong></span> <span class='ocrx_word' id='word_1_349' title='bbox 1846 1918 1963 1958; x_wconf 81' lang='lat' dir='ltr'><strong>truci</strong></span> <span class='ocrx_word' id='word_1_350' title='bbox 1979 1914 2122 1969; x_wconf 81' lang='lat' dir='ltr'><strong>ferae</strong></span> <span class='ocrx_word' id='word_1_351' title='bbox 2152 1929 2326 1971; x_wconf 89' lang='lat' dir='ltr'><strong>compa-</strong></span> 
     </span>
     <span class='ocr_line' id='line_1_28' title="bbox 139 1981 2324 2038; baseline 0 -14"><span class='ocrx_word' id='word_1_352' title='bbox 139 1989 269 2024; x_wconf 86' lang='lat' dir='ltr'><strong>ratur.</strong></span> <span class='ocrx_word' id='word_1_353' title='bbox 315 1981 476 2023; x_wconf 90' lang='lat' dir='ltr'><strong>Notum</strong></span> <span class='ocrx_word' id='word_1_354' title='bbox 509 1988 591 2030; x_wconf 87' lang='lat' dir='ltr'><strong>est,</strong></span> <span class='ocrx_word' id='word_1_355' title='bbox 621 1982 762 2037; x_wconf 88' lang='lat' dir='ltr'><strong>poetis</strong></span> <span class='ocrx_word' id='word_1_356' title='bbox 783 1995 911 2037; x_wconf 89' lang='lat' dir='ltr'><strong>saepe</strong></span> <span class='ocrx_word' id='word_1_357' title='bbox 942 1981 1126 2038; x_wconf 61' lang='lat' dir='ltr'><strong>prO-hic</strong></span> <span class='ocrx_word' id='word_1_358' title='bbox 1150 2007 1198 2012; x_wconf 87' lang='lat'><strong>—</strong></span> <span class='ocrx_word' id='word_1_359' title='bbox 1225 1982 1302 2025; x_wconf 85' lang='lat' dir='ltr'><strong>ille</strong></span> <span class='ocrx_word' id='word_1_360' title='bbox 1325 1990 1398 2025; x_wconf 88' lang='lat' dir='ltr'><strong>aut</strong></span> <span class='ocrx_word' id='word_1_361' title='bbox 1426 1983 1502 2026; x_wconf 83' lang='lat' dir='ltr'><strong>ille</strong></span> <span class='ocrx_word' id='word_1_362' title='bbox 1523 2007 1576 2016; x_wconf 93' lang='lat'><strong>——</strong></span> <span class='ocrx_word' id='word_1_363' title='bbox 1598 1984 1675 2026; x_wconf 87' lang='lat' dir='ltr'><strong>ille</strong></span> <span class='ocrx_word' id='word_1_364' title='bbox 1701 1992 1774 2026; x_wconf 89' lang='lat' dir='ltr'><strong>aut</strong></span> <span class='ocrx_word' id='word_1_365' title='bbox 1803 1983 1874 2027; x_wconf 83' lang='lat' dir='ltr'><strong>hic</strong></span> <span class='ocrx_word' id='word_1_366' title='bbox 1899 2008 1947 2014; x_wconf 94' lang='lat'><em>-</em></span> <span class='ocrx_word' id='word_1_367' title='bbox 1974 1983 2044 2027; x_wconf 85' lang='lat' dir='ltr'><strong>hic</strong></span> <span class='ocrx_word' id='word_1_368' title='bbox 2069 1982 2153 2025; x_wconf 90' lang='lat' dir='ltr'><strong>dici</strong></span> <span class='ocrx_word' id='word_1_369' title='bbox 2184 1982 2324 2035; x_wconf 89' lang='lat' dir='ltr'><strong>(conf.</strong></span> 
     </span>
     <span class='ocr_line' id='line_1_29' title="bbox 140 2048 2324 2109; baseline 0 -17"><span class='ocrx_word' id='word_1_370' title='bbox 140 2049 279 2092; x_wconf 72' lang='lat' dir='ltr'><strong>Ltihrs</strong></span> <span class='ocrx_word' id='word_1_371' title='bbox 307 2048 360 2091; x_wconf 88' lang='lat' dir='ltr'><strong>ad</strong></span> <span class='ocrx_word' id='word_1_372' title='bbox 396 2048 526 2091; x_wconf 86' lang='lat' dir='ltr'><strong>ovid.</strong></span> <span class='ocrx_word' id='word_1_373' title='bbox 556 2048 739 2091; x_wconf 86' lang='lat' dir='ltr'><strong>Heroid.</strong></span> <span class='ocrx_word' id='word_1_374' title='bbox 773 2063 840 2106; x_wconf 90' lang='lat' dir='ltr'><strong>ep.</strong></span> <span class='ocrx_word' id='word_1_375' title='bbox 866 2048 914 2090; x_wconf 87' lang='lat' dir='ltr'><strong>ll.</strong></span> <span class='ocrx_word' id='word_1_376' title='bbox 948 2049 1043 2092; x_wconf 84' lang='grc'><strong>148.</strong></span> <span class='ocrx_word' id='word_1_377' title='bbox 1074 2049 1250 2106; x_wconf 87' lang='lat' dir='ltr'><strong>Forbig.</strong></span> <span class='ocrx_word' id='word_1_378' title='bbox 1275 2050 1328 2092; x_wconf 88' lang='lat' dir='ltr'><strong>ad</strong></span> <span class='ocrx_word' id='word_1_379' title='bbox 1354 2052 1473 2108; x_wconf 90' lang='lat' dir='ltr'><strong>Virg.</strong></span> <span class='ocrx_word' id='word_1_380' title='bbox 1502 2054 1610 2095; x_wconf 87' lang='lat' dir='ltr'><strong>Aen.</strong></span> <span class='ocrx_word' id='word_1_381' title='bbox 1643 2054 1692 2095; x_wconf 88' lang='lat' dir='ltr'><strong>X.</strong></span> <span class='ocrx_word' id='word_1_382' title='bbox 1724 2053 1831 2105; x_wconf 82' lang='lat'><strong>10.):</strong></span> <span class='ocrx_word' id='word_1_383' title='bbox 1875 2052 1953 2094; x_wconf 92' lang='lat' dir='ltr'><strong>sed</strong></span> <span class='ocrx_word' id='word_1_384' title='bbox 1985 2066 2095 2109; x_wconf 88' lang='lat' dir='ltr'><strong>quos</strong></span> <span class='ocrx_word' id='word_1_385' title='bbox 2125 2051 2248 2094; x_wconf 91' lang='lat' dir='ltr'><strong>locos</strong></span> <span class='ocrx_word' id='word_1_386' title='bbox 2278 2051 2324 2093; x_wconf 89' lang='lat' dir='ltr'><strong>id</strong></span> 
     </span>
     <span class='ocr_line' id='line_1_30' title="bbox 141 2116 2323 2177; baseline -0 -16"><span class='ocrx_word' id='word_1_387' title='bbox 141 2131 277 2174; x_wconf 85' lang='lat' dir='ltr'><strong>genus</strong></span> <span class='ocrx_word' id='word_1_388' title='bbox 305 2116 503 2174; x_wconf 90' lang='lat' dir='ltr'><strong>equidem</strong></span> <span class='ocrx_word' id='word_1_389' title='bbox 533 2116 644 2174; x_wconf 88' lang='lat' dir='ltr'><strong>legi,</strong></span> <span class='ocrx_word' id='word_1_390' title='bbox 675 2118 718 2159; x_wconf 91' lang='lat' dir='ltr'><strong>in</strong></span> <span class='ocrx_word' id='word_1_391' title='bbox 748 2118 797 2159; x_wconf 89' lang='lat' dir='ltr'><strong>iis</strong></span> <span class='ocrx_word' id='word_1_392' title='bbox 830 2124 894 2159; x_wconf 84' lang='lat' dir='ltr'><strong>est</strong></span> <span class='ocrx_word' id='word_1_393' title='bbox 916 2120 1222 2160; x_wconf 87' lang='lat' dir='ltr'><strong>sententiaeea</strong></span> <span class='ocrx_word' id='word_1_394' title='bbox 1244 2119 1529 2163; x_wconf 87' lang='lat' dir='ltr'><strong>conformatio</strong></span> <span class='ocrx_word' id='word_1_395' title='bbox 1549 2154 1559 2172; x_wconf 89' lang='lat'>,</span> <span class='ocrx_word' id='word_1_396' title='bbox 1592 2135 1703 2177; x_wconf 87' lang='lat' dir='ltr'><strong>quae</strong></span> <span class='ocrx_word' id='word_1_397' title='bbox 1725 2120 1886 2163; x_wconf 88' lang='lat' dir='ltr'><strong>nullam</strong></span> <span class='ocrx_word' id='word_1_398' title='bbox 1917 2119 2185 2176; x_wconf 89' lang='lat' dir='ltr'><strong>intelligendi</strong></span> <span class='ocrx_word' id='word_1_399' title='bbox 2208 2119 2323 2162; x_wconf 82' lang='lat' dir='ltr'><strong>diffi-</strong></span> 
     </span>
     <span class='ocr_line' id='line_1_31' title="bbox 137 2184 2321 2245; baseline 0.001 -17"><span class='ocrx_word' id='word_1_400' title='bbox 137 2185 337 2228; x_wconf 82' lang='lat' dir='ltr'><strong>cultatem</strong></span> <span class='ocrx_word' id='word_1_401' title='bbox 369 2191 443 2227; x_wconf 83' lang='lat' dir='ltr'><strong>aut</strong></span> <span class='ocrx_word' id='word_1_402' title='bbox 464 2184 781 2242; x_wconf 82' lang='lat' dir='ltr'><strong>ambiguitatem</strong></span> <span class='ocrx_word' id='word_1_403' title='bbox 803 2187 948 2242; x_wconf 84' lang='lat' dir='ltr'><strong>pariat.</strong></span> <span class='ocrx_word' id='word_1_404' title='bbox 980 2187 1099 2243; x_wconf 89' lang='lat' dir='ltr'><strong>quod</strong></span> <span class='ocrx_word' id='word_1_405' title='bbox 1130 2186 1244 2229; x_wconf 91' lang='lat' dir='ltr'><strong>idem</strong></span> <span class='ocrx_word' id='word_1_406' title='bbox 1271 2201 1430 2230; x_wconf 85' lang='lat' dir='ltr'><strong>vereor</strong></span> <span class='ocrx_word' id='word_1_407' title='bbox 1457 2195 1504 2231; x_wconf 91' lang='lat' dir='ltr'><strong>ut</strong></span> <span class='ocrx_word' id='word_1_408' title='bbox 1535 2188 1589 2231; x_wconf 92' lang='lat' dir='ltr'><strong>de</strong></span> <span class='ocrx_word' id='word_1_409' title='bbox 1614 2189 1697 2231; x_wconf 91' lang='lat' dir='ltr'><strong>hoc</strong></span> <span class='ocrx_word' id='word_1_410' title='bbox 1718 2189 1817 2232; x_wconf 92' lang='lat' dir='ltr'><strong>loco</strong></span> <span class='ocrx_word' id='word_1_411' title='bbox 1841 2189 1925 2231; x_wconf 88' lang='lat' dir='ltr'><strong>dici</strong></span> <span class='ocrx_word' id='word_1_412' title='bbox 1947 2190 2093 2245; x_wconf 84' lang='lat' dir='ltr'><strong>possit.</strong></span> <span class='ocrx_word' id='word_1_413' title='bbox 2115 2212 2169 2221; x_wconf 97' lang='lat'>—</span> <span class='ocrx_word' id='word_1_414' title='bbox 2190 2203 2229 2230; x_wconf 80' lang='lat' dir='ltr'><strong>v.</strong></span> <span class='ocrx_word' id='word_1_415' title='bbox 2251 2188 2321 2231; x_wconf 86' lang='grc'><strong>80.</strong></span> 
     </span>
     <span class='ocr_line' id='line_1_32' title="bbox 140 2253 2322 2315; baseline 0 -19"><span class='ocrx_word' id='word_1_416' title='bbox 140 2261 183 2296; x_wconf 87' lang='lat' dir='ltr'><strong>et</strong></span> <span class='ocrx_word' id='word_1_417' title='bbox 209 2259 340 2312; x_wconf 81' lang='lat' dir='ltr'><strong>ger-et</strong></span> <span class='ocrx_word' id='word_1_418' title='bbox 368 2256 414 2296; x_wconf 83' lang='lat' dir='ltr'><strong>in</strong></span> <span class='ocrx_word' id='word_1_419' title='bbox 444 2268 588 2312; x_wconf 83' lang='lat' dir='ltr'><strong>regno</strong></span> <span class='ocrx_word' id='word_1_420' title='bbox 624 2268 769 2312; x_wconf 79' lang='lat' dir='ltr'><strong>regna</strong></span> <span class='ocrx_word' id='word_1_421' title='bbox 798 2253 992 2310; x_wconf 78' lang='lat' dir='ltr'><strong>superba</strong></span> <span class='ocrx_word' id='word_1_422' title='bbox 1023 2261 1114 2297; x_wconf 82' lang='lat' dir='ltr'><strong>tuo.</strong></span> <span class='ocrx_word' id='word_1_423' title='bbox 1163 2256 1295 2296; x_wconf 90' lang='lat' dir='ltr'><strong>Varia</strong></span> <span class='ocrx_word' id='word_1_424' title='bbox 1327 2257 1538 2312; x_wconf 88' lang='lat' dir='ltr'><strong>scriptura</strong></span> <span class='ocrx_word' id='word_1_425' title='bbox 1571 2264 1636 2298; x_wconf 89' lang='lat' dir='ltr'><strong>est</strong></span> <span class='ocrx_word' id='word_1_426' title='bbox 1665 2259 1710 2300; x_wconf 86' lang='lat' dir='ltr'><strong>in</strong></span> <span class='ocrx_word' id='word_1_427' title='bbox 1741 2259 1946 2315; x_wconf 78' lang='lat' dir='ltr'><strong>gremio,</strong></span> <span class='ocrx_word' id='word_1_428' title='bbox 1983 2257 2094 2312; x_wconf 84' lang='lat' dir='ltr'><strong>quae</strong></span> <span class='ocrx_word' id='word_1_429' title='bbox 2124 2259 2215 2313; x_wconf 89' lang='lat' dir='ltr'><strong>ipsa</strong></span> <span class='ocrx_word' id='word_1_430' title='bbox 2243 2269 2322 2311; x_wconf 90' lang='lat' dir='ltr'><strong>per</strong></span> 
     </span>
     <span class='ocr_line' id='line_1_33' title="bbox 139 2320 2323 2383; baseline 0.001 -20"><span class='ocrx_word' id='word_1_431' title='bbox 139 2335 185 2364; x_wconf 88' lang='lat' dir='ltr'><strong>se</strong></span> <span class='ocrx_word' id='word_1_432' title='bbox 216 2323 318 2363; x_wconf 82' lang='lat' dir='ltr'><strong>satis</strong></span> <span class='ocrx_word' id='word_1_433' title='bbox 348 2328 411 2364; x_wconf 87' lang='lat' dir='ltr'><strong>est</strong></span> <span class='ocrx_word' id='word_1_434' title='bbox 441 2320 702 2379; x_wconf 85' lang='lat' dir='ltr'><strong>probabilis:</strong></span> <span class='ocrx_word' id='word_1_435' title='bbox 731 2321 807 2364; x_wconf 89' lang='lat' dir='ltr'><strong>sed</strong></span> <span class='ocrx_word' id='word_1_436' title='bbox 837 2321 986 2365; x_wconf 89' lang='lat' dir='ltr'><strong>addito</strong></span> <span class='ocrx_word' id='word_1_437' title='bbox 1017 2329 1094 2366; x_wconf 83' lang='lat' dir='ltr'><strong>tuo</strong></span> <span class='ocrx_word' id='word_1_438' title='bbox 1130 2322 1327 2379; x_wconf 85' lang='lat' dir='ltr'><strong>ambigue</strong></span> <span class='ocrx_word' id='word_1_439' title='bbox 1348 2323 1510 2366; x_wconf 92' lang='lat' dir='ltr'><strong>dictum</strong></span> <span class='ocrx_word' id='word_1_440' title='bbox 1534 2324 1659 2367; x_wconf 80' lang='lat' dir='ltr'><strong>soret.</strong></span> <span class='ocrx_word' id='word_1_441' title='bbox 1690 2324 1878 2383; x_wconf 79' lang='lat' dir='ltr'><strong>Sceptra</strong></span> <span class='ocrx_word' id='word_1_442' title='bbox 1900 2327 1943 2366; x_wconf 91' lang='lat' dir='ltr'><strong>in</strong></span> <span class='ocrx_word' id='word_1_443' title='bbox 1965 2325 2044 2366; x_wconf 85' lang='lat' dir='ltr'><strong>hac</strong></span> <span class='ocrx_word' id='word_1_444' title='bbox 2066 2339 2112 2366; x_wconf 87' lang='lat' dir='ltr'><strong>re</strong></span> <span class='ocrx_word' id='word_1_445' title='bbox 2136 2326 2323 2380; x_wconf 76' lang='lat' dir='ltr'><strong>positum</strong></span> 
     </span>
     <span class='ocr_line' id='line_1_34' title="bbox 137 2389 2321 2449; baseline 0.001 -17"><span class='ocrx_word' id='word_1_446' title='bbox 137 2403 227 2433; x_wconf 90' lang='lat' dir='ltr'><strong>non</strong></span> <span class='ocrx_word' id='word_1_447' title='bbox 249 2390 422 2431; x_wconf 87' lang='lat' dir='ltr'><strong>memini</strong></span> <span class='ocrx_word' id='word_1_448' title='bbox 445 2403 513 2431; x_wconf 90' lang='lat' dir='ltr'><strong>me</strong></span> <span class='ocrx_word' id='word_1_449' title='bbox 537 2389 682 2447; x_wconf 87' lang='lat' dir='ltr'><strong>legere</strong></span> <span class='ocrx_word' id='word_1_450' title='bbox 703 2408 711 2432; x_wconf 89' lang='lat'>:</span> <span class='ocrx_word' id='word_1_451' title='bbox 752 2389 970 2433; x_wconf 88' lang='lat' dir='ltr'><strong>vocabulo</strong></span> <span class='ocrx_word' id='word_1_452' title='bbox 993 2398 1131 2433; x_wconf 86' lang='lat' dir='ltr'><strong>autem</strong></span> <span class='ocrx_word' id='word_1_453' title='bbox 1154 2405 1346 2449; x_wconf 79' lang='lat' dir='ltr'><strong>regnum</strong></span> <span class='ocrx_word' id='word_1_454' title='bbox 1367 2393 1411 2433; x_wconf 90' lang='lat' dir='ltr'><strong>in</strong></span> <span class='ocrx_word' id='word_1_455' title='bbox 1433 2392 1563 2435; x_wconf 90' lang='lat' dir='ltr'><strong>rebus</strong></span> <span class='ocrx_word' id='word_1_456' title='bbox 1587 2396 1801 2435; x_wconf 88' lang='lat' dir='ltr'><strong>amatoriis</strong></span> <span class='ocrx_word' id='word_1_457' title='bbox 1822 2393 1927 2436; x_wconf 88' lang='lat' dir='ltr'><strong>nihil</strong></span> <span class='ocrx_word' id='word_1_458' title='bbox 1948 2400 2012 2435; x_wconf 83' lang='lat' dir='ltr'><strong>est</strong></span> <span class='ocrx_word' id='word_1_459' title='bbox 2040 2393 2321 2449; x_wconf 83' lang='lat' dir='ltr'><strong>frequentius.</strong></span> 
     </span>
     <span class='ocr_line' id='line_1_35' title="bbox 139 2457 2322 2518; baseline 0.001 -19"><span class='ocrx_word' id='word_1_460' title='bbox 139 2457 254 2500; x_wconf 77' lang='lat' dir='ltr'><strong>conf.</strong></span> <span class='ocrx_word' id='word_1_461' title='bbox 276 2459 514 2514; x_wconf 82' lang='lat' dir='ltr'><strong>interprett.</strong></span> <span class='ocrx_word' id='word_1_462' title='bbox 535 2458 590 2501; x_wconf 87' lang='lat' dir='ltr'><strong>ad</strong></span> <span class='ocrx_word' id='word_1_463' title='bbox 615 2459 722 2501; x_wconf 87' lang='lat' dir='ltr'><strong>Hor.</strong></span> <span class='ocrx_word' id='word_1_464' title='bbox 747 2458 800 2501; x_wconf 84' lang='grc' dir='ltr'><strong>ΙΙ.</strong></span> <span class='ocrx_word' id='word_1_465' title='bbox 824 2459 875 2502; x_wconf 84' lang='lat' dir='ltr'><strong>C.</strong></span> <span class='ocrx_word' id='word_1_466' title='bbox 896 2459 944 2510; x_wconf 91' lang='grc'><strong>8,</strong></span> <span class='ocrx_word' id='word_1_467' title='bbox 975 2459 1042 2501; x_wconf 93' lang='grc'><strong>18.</strong></span> <span class='ocrx_word' id='word_1_468' title='bbox 1068 2460 1144 2502; x_wconf 79' lang='lat' dir='ltr'><strong>lv,</strong></span> <span class='ocrx_word' id='word_1_469' title='bbox 1171 2460 1215 2510; x_wconf 94' lang='lat'><strong>1,</strong></span> <span class='ocrx_word' id='word_1_470' title='bbox 1247 2461 1286 2501; x_wconf 75' lang='lat'><strong>4.</strong></span> <span class='ocrx_word' id='word_1_471' title='bbox 1329 2460 1469 2502; x_wconf 83' lang='lat' dir='ltr'><strong>Etiam</strong></span> <span class='ocrx_word' id='word_1_472' title='bbox 1502 2460 1808 2511; x_wconf 87' lang='lat' dir='ltr'><strong>alliteratione,</strong></span> <span class='ocrx_word' id='word_1_473' title='bbox 1840 2477 1925 2518; x_wconf 88' lang='lat' dir='ltr'><strong>qua</strong></span> <span class='ocrx_word' id='word_1_474' title='bbox 1956 2468 2122 2503; x_wconf 88' lang='lat' dir='ltr'><strong>constat</strong></span> <span class='ocrx_word' id='word_1_475' title='bbox 2152 2467 2322 2502; x_wconf 90' lang='lat' dir='ltr'><strong>veteres</strong></span> 
     </span>
     <span class='ocr_line' id='line_1_36' title="bbox 135 2525 2321 2587; baseline 0.002 -23"><span class='ocrx_word' id='word_1_476' title='bbox 135 2525 410 2568; x_wconf 84' lang='lat' dir='ltr'><strong>vehementer</strong></span> <span class='ocrx_word' id='word_1_477' title='bbox 439 2525 677 2568; x_wconf 85' lang='lat' dir='ltr'><strong>delectatos</strong></span> <span class='ocrx_word' id='word_1_478' title='bbox 709 2540 820 2578; x_wconf 89' lang='lat' dir='ltr'><strong>esse,</strong></span> <span class='ocrx_word' id='word_1_479' title='bbox 852 2529 1063 2584; x_wconf 87' lang='lat' dir='ltr'><strong>scriptura</strong></span> <span class='ocrx_word' id='word_1_480' title='bbox 1094 2542 1238 2586; x_wconf 81' lang='lat' dir='ltr'><strong>regno</strong></span> <span class='ocrx_word' id='word_1_481' title='bbox 1276 2528 1611 2572; x_wconf 89' lang='lat' dir='ltr'><strong>commendatur.</strong></span> <span class='ocrx_word' id='word_1_482' title='bbox 1635 2553 1689 2562; x_wconf 92' lang='lat'><em>-</em></span> <span class='ocrx_word' id='word_1_483' title='bbox 1720 2545 1758 2572; x_wconf 89' lang='lat' dir='ltr'><strong>v.</strong></span> <span class='ocrx_word' id='word_1_484' title='bbox 1780 2531 1848 2573; x_wconf 82' lang='lat'><strong>82.</strong></span> <span class='ocrx_word' id='word_1_485' title='bbox 1885 2530 2038 2587; x_wconf 79' lang='lat' dir='ltr'><strong>palma</strong></span> <span class='ocrx_word' id='word_1_486' title='bbox 2061 2531 2084 2571; x_wconf 88' lang='lat' dir='ltr'><strong>i.</strong></span> <span class='ocrx_word' id='word_1_487' title='bbox 2110 2543 2145 2571; x_wconf 87' lang='lat' dir='ltr'><strong>e.</strong></span> <span class='ocrx_word' id='word_1_488' title='bbox 2173 2542 2321 2585; x_wconf 84' lang='lat' dir='ltr'><strong>parma</strong></span> 
     </span>
     <span class='ocr_line' id='line_1_37' title="bbox 138 2592 2322 2654; baseline 0.002 -20"><span class='ocrx_word' id='word_1_489' title='bbox 138 2592 440 2636; x_wconf 82' lang='lat' dir='ltr'><strong>Broukhusius</strong></span> <span class='ocrx_word' id='word_1_490' title='bbox 471 2601 651 2636; x_wconf 87' lang='lat' dir='ltr'><strong>testatur</strong></span> <span class='ocrx_word' id='word_1_491' title='bbox 672 2596 715 2637; x_wconf 91' lang='lat' dir='ltr'><strong>in</strong></span> <span class='ocrx_word' id='word_1_492' title='bbox 741 2594 941 2638; x_wconf 89' lang='lat' dir='ltr'><strong>omnibus</strong></span> <span class='ocrx_word' id='word_1_493' title='bbox 969 2596 1062 2638; x_wconf 84' lang='lat' dir='ltr'><strong>fere</strong></span> <span class='ocrx_word' id='word_1_494' title='bbox 1087 2595 1210 2638; x_wconf 86' lang='lat' dir='ltr'><strong>libris</strong></span> <span class='ocrx_word' id='word_1_495' title='bbox 1233 2596 1325 2652; x_wconf 88' lang='lat' dir='ltr'><strong>legi.</strong></span> <span class='ocrx_word' id='word_1_496' title='bbox 1373 2597 1581 2654; x_wconf 88' lang='lat' dir='ltr'><strong>Scaligeri</strong></span> <span class='ocrx_word' id='word_1_497' title='bbox 1612 2598 1764 2640; x_wconf 84' lang='lat' dir='ltr'><strong>lamna</strong></span> <span class='ocrx_word' id='word_1_498' title='bbox 1794 2605 1833 2640; x_wconf 89' lang='lat' dir='ltr'><strong>et</strong></span> <span class='ocrx_word' id='word_1_499' title='bbox 1865 2597 1983 2654; x_wconf 90' lang='lat' dir='ltr'><strong>quod</strong></span> <span class='ocrx_word' id='word_1_500' title='bbox 2014 2599 2056 2639; x_wconf 88' lang='lat' dir='ltr'><strong>in</strong></span> <span class='ocrx_word' id='word_1_501' title='bbox 2090 2611 2177 2638; x_wconf 88' lang='lat' dir='ltr'><strong>uno</strong></span> <span class='ocrx_word' id='word_1_502' title='bbox 2210 2599 2322 2638; x_wconf 85' lang='lat' dir='ltr'><strong>cius-</strong></span> 
     </span>
     <span class='ocr_line' id='line_1_38' title="bbox 141 2659 2320 2721; baseline 0.002 -19"><span class='ocrx_word' id='word_1_503' title='bbox 141 2659 532 2704; x_wconf 80' lang='lat' dir='ltr'><strong>dem-Broukhusii</strong></span> <span class='ocrx_word' id='word_1_504' title='bbox 566 2661 679 2704; x_wconf 90' lang='lat' dir='ltr'><strong>libro</strong></span> <span class='ocrx_word' id='word_1_505' title='bbox 711 2670 776 2705; x_wconf 89' lang='lat' dir='ltr'><strong>est</strong></span> <span class='ocrx_word' id='word_1_506' title='bbox 803 2665 925 2719; x_wconf 83' lang='lat' dir='ltr'><strong>picta</strong></span> <span class='ocrx_word' id='word_1_507' title='bbox 953 2663 1121 2707; x_wconf 80' lang='lat' dir='ltr'><strong>tabella</strong></span> <span class='ocrx_word' id='word_1_508' title='bbox 1151 2667 1309 2706; x_wconf 89' lang='lat' dir='ltr'><strong>nemini</strong></span> <span class='ocrx_word' id='word_1_509' title='bbox 1340 2665 1566 2720; x_wconf 88' lang='lat' dir='ltr'><strong>probetur.</strong></span> <span class='ocrx_word' id='word_1_510' title='bbox 1616 2665 1819 2709; x_wconf 88' lang='lat' dir='ltr'><strong>Ceterum</strong></span> <span class='ocrx_word' id='word_1_511' title='bbox 1843 2665 1956 2721; x_wconf 79' lang='lat' dir='ltr'><strong>apud</strong></span> <span class='ocrx_word' id='word_1_512' title='bbox 1972 2666 2243 2721; x_wconf 82' lang='lat' dir='ltr'><strong>l‘ropertium</strong></span> <span class='ocrx_word' id='word_1_513' title='bbox 2275 2667 2320 2707; x_wconf 89' lang='lat' dir='ltr'><strong>in</strong></span> 
     </span>
     <span class='ocr_line' id='line_1_39' title="bbox 137 2726 2322 2790; baseline 0.002 -21"><span class='ocrx_word' id='word_1_514' title='bbox 137 2729 190 2770; x_wconf 88' lang='lat' dir='ltr'><strong>iis</strong></span> <span class='ocrx_word' id='word_1_515' title='bbox 220 2726 350 2780; x_wconf 90' lang='lat' dir='ltr'><strong>locis,</strong></span> <span class='ocrx_word' id='word_1_516' title='bbox 381 2744 492 2785; x_wconf 88' lang='lat' dir='ltr'><strong>quos</strong></span> <span class='ocrx_word' id='word_1_517' title='bbox 523 2729 757 2773; x_wconf 81' lang='lat' dir='ltr'><strong>attulerunt</strong></span> <span class='ocrx_word' id='word_1_518' title='bbox 785 2731 1056 2774; x_wconf 79' lang='lat' dir='ltr'><strong>Porcellinus</strong></span> <span class='ocrx_word' id='word_1_519' title='bbox 1088 2739 1130 2774; x_wconf 87' lang='lat' dir='ltr'><strong>et</strong></span> <span class='ocrx_word' id='word_1_520' title='bbox 1160 2733 1382 2789; x_wconf 82' lang='lat' dir='ltr'><strong>Heynius,</strong></span> <span class='ocrx_word' id='word_1_521' title='bbox 1417 2733 1547 2776; x_wconf 93' lang='lat' dir='ltr'><strong>hodie</strong></span> <span class='ocrx_word' id='word_1_522' title='bbox 1576 2732 1734 2790; x_wconf 87' lang='lat' dir='ltr'><strong>legitur</strong></span> <span class='ocrx_word' id='word_1_523' title='bbox 1760 2749 1933 2790; x_wconf 80' lang='lat' dir='ltr'><strong>parma.</strong></span> <span class='ocrx_word' id='word_1_524' title='bbox 1987 2733 2057 2775; x_wconf 93' lang='lat' dir='ltr'><strong>De</strong></span> <span class='ocrx_word' id='word_1_525' title='bbox 2088 2739 2322 2774; x_wconf 86' lang='lat' dir='ltr'><strong>commuta-</strong></span> 
     </span>
     <span class='ocr_line' id='line_1_40' title="bbox 138 2795 2321 2858; baseline 0.002 -21"><span class='ocrx_word' id='word_1_526' title='bbox 138 2797 257 2838; x_wconf 87' lang='lat' dir='ltr'><strong>tione</strong></span> <span class='ocrx_word' id='word_1_527' title='bbox 287 2795 504 2839; x_wconf 86' lang='lat' dir='ltr'><strong>literarum</strong></span> <span class='ocrx_word' id='word_1_528' title='bbox 535 2813 561 2839; x_wconf 86' lang='lat' dir='ltr'><strong>r·</strong></span> <span class='ocrx_word' id='word_1_529' title='bbox 591 2806 634 2841; x_wconf 91' lang='lat' dir='ltr'><strong>et</strong></span> <span class='ocrx_word' id='word_1_530' title='bbox 663 2798 681 2841; x_wconf 89' lang='lat' dir='ltr'><em>l</em></span> <span class='ocrx_word' id='word_1_531' title='bbox 709 2798 810 2842; x_wconf 83' lang='lat' dir='ltr'><strong>vide</strong></span> <span class='ocrx_word' id='word_1_532' title='bbox 841 2798 1079 2842; x_wconf 88' lang='lat' dir='ltr'><strong>Schneider</strong></span> <span class='ocrx_word' id='word_1_533' title='bbox 1108 2814 1167 2857; x_wconf 82' lang='lat' dir='ltr'><strong>gr.</strong></span> <span class='ocrx_word' id='word_1_534' title='bbox 1199 2799 1225 2842; x_wconf 90' lang='grc'><strong>1.</strong></span> <span class='ocrx_word' id='word_1_535' title='bbox 1256 2801 1379 2843; x_wconf 91' lang='lat' dir='ltr'><strong>Tom.</strong></span> <span class='ocrx_word' id='word_1_536' title='bbox 1411 2801 1442 2843; x_wconf 80' lang='grc' dir='ltr'><strong>Ι.</strong></span> <span class='ocrx_word' id='word_1_537' title='bbox 1473 2817 1514 2858; x_wconf 90' lang='lat' dir='ltr'><strong>p.</strong></span> <span class='ocrx_word' id='word_1_538' title='bbox 1538 2801 1635 2842; x_wconf 81' lang='lat'><strong>299.</strong></span> <span class='ocrx_word' id='word_1_539' title='bbox 1682 2799 2031 2843; x_wconf 85' lang='lat' dir='ltr'><strong>Balbutientibus</strong></span> <span class='ocrx_word' id='word_1_540' title='bbox 2058 2800 2210 2857; x_wconf 80' lang='lat' dir='ltr'><strong>palma</strong></span> <span class='ocrx_word' id='word_1_541' title='bbox 2238 2813 2321 2856; x_wconf 90' lang='lat' dir='ltr'><strong>pro</strong></span> 
     </span>
     <span class='ocr_line' id='line_1_41' title="bbox 133 2867 2322 2924; baseline 0.002 -18"><span class='ocrx_word' id='word_1_542' title='bbox 133 2878 296 2921; x_wconf 83' lang='lat' dir='ltr'><strong>parma</strong></span> <span class='ocrx_word' id='word_1_543' title='bbox 327 2871 444 2920; x_wconf 85' lang='lat' dir='ltr'><strong>grata</strong></span> <span class='ocrx_word' id='word_1_544' title='bbox 475 2871 517 2908; x_wconf 90' lang='lat' dir='ltr'><strong>et</strong></span> <span class='ocrx_word' id='word_1_545' title='bbox 546 2873 719 2923; x_wconf 85' lang='lat' dir='ltr'><strong>accepta</strong></span> <span class='ocrx_word' id='word_1_546' title='bbox 748 2867 900 2910; x_wconf 81' lang='lat' dir='ltr'><strong>fuerit:</strong></span> <span class='ocrx_word' id='word_1_547' title='bbox 932 2882 1010 2909; x_wconf 88' lang='lat' dir='ltr'><strong>cur</strong></span> <span class='ocrx_word' id='word_1_548' title='bbox 1032 2867 1212 2910; x_wconf 86' lang='lat' dir='ltr'><strong>Tibullo</strong></span> <span class='ocrx_word' id='word_1_549' title='bbox 1243 2867 1475 2924; x_wconf 88' lang='lat' dir='ltr'><strong>placuerit,</strong></span> <span class='ocrx_word' id='word_1_550' title='bbox 1506 2869 1565 2911; x_wconf 89' lang='lat' dir='ltr'><strong>Di</strong></span> <span class='ocrx_word' id='word_1_551' title='bbox 1584 2869 1736 2911; x_wconf 89' lang='lat' dir='ltr'><strong>melius</strong></span> <span class='ocrx_word' id='word_1_552' title='bbox 1766 2870 1917 2921; x_wconf 90' lang='lat' dir='ltr'><strong>sciant,</strong></span> <span class='ocrx_word' id='word_1_553' title='bbox 1950 2883 2028 2924; x_wconf 88' lang='lat' dir='ltr'><strong>ego</strong></span> <span class='ocrx_word' id='word_1_554' title='bbox 2049 2870 2211 2911; x_wconf 89' lang='lat' dir='ltr'><strong>nescio.</strong></span> <span class='ocrx_word' id='word_1_555' title='bbox 2242 2867 2322 2911; x_wconf 90' lang='lat' dir='ltr'><strong>sed</strong></span> 
     </span>
     <span class='ocr_line' id='line_1_42' title="bbox 136 2930 2221 2994; baseline 0.002 -20"><span class='ocrx_word' id='word_1_556' title='bbox 136 2930 288 2975; x_wconf 88' lang='lat' dir='ltr'><strong>iubent</strong></span> <span class='ocrx_word' id='word_1_557' title='bbox 319 2931 419 2975; x_wconf 90' lang='lat' dir='ltr'><strong>libri</strong></span> <span class='ocrx_word' id='word_1_558' title='bbox 447 2934 504 2976; x_wconf 82' lang='lat' dir='ltr'><strong>ita</strong></span> <span class='ocrx_word' id='word_1_559' title='bbox 534 2933 637 2991; x_wconf 87' lang='lat' dir='ltr'><strong>legi:</strong></span> <span class='ocrx_word' id='word_1_560' title='bbox 668 2948 770 2992; x_wconf 87' lang='lat' dir='ltr'><strong>ergo</strong></span> <span class='ocrx_word' id='word_1_561' title='bbox 801 2949 1045 2992; x_wconf 86' lang='lat' dir='ltr'><strong>pareamus:</strong></span> <span class='ocrx_word' id='word_1_562' title='bbox 1077 2950 1145 2979; x_wconf 83' lang='lat' dir='ltr'><strong>res</strong></span> <span class='ocrx_word' id='word_1_563' title='bbox 1179 2938 1291 2979; x_wconf 89' lang='lat' dir='ltr'><strong>enim</strong></span> <span class='ocrx_word' id='word_1_564' title='bbox 1322 2936 1449 2980; x_wconf 89' lang='lat' dir='ltr'><strong>flocci</strong></span> <span class='ocrx_word' id='word_1_565' title='bbox 1483 2944 1548 2980; x_wconf 88' lang='lat' dir='ltr'><strong>est</strong></span> <span class='ocrx_word' id='word_1_566' title='bbox 1577 2951 1720 2994; x_wconf 88' lang='lat' dir='ltr'><strong>neque</strong></span> <span class='ocrx_word' id='word_1_567' title='bbox 1752 2939 1867 2980; x_wconf 89' lang='lat' dir='ltr'><strong>omni</strong></span> <span class='ocrx_word' id='word_1_568' title='bbox 1896 2938 2064 2979; x_wconf 87' lang='lat' dir='ltr'><strong>ratione</strong></span> <span class='ocrx_word' id='word_1_569' title='bbox 2095 2944 2221 2979; x_wconf 85' lang='lat' dir='ltr'><strong>caret.</strong></span> 
     </span>
    </p>
   </div>
  </div>
 </body>
</html>
