2462 3112
1143 85 1262 129 »xm

122 217 219 267 rint.⁸
237 210 458 261 confundi*
475 217 519 255 et
546 209 755 254 confusae
783 209 869 251 sint
890 207 971 261 (cf.
994 205 1211 251 Gronovii
1234 204 1402 248 diatrib.
1423 203 1478 248 ad
1499 202 1603 246 Stat.
1624 201 1745 260 Sylv.
1762 198 1820 244 ss.
1842 201 1881 243 1.
1902 216 1944 258 p.
1967 199 2078 254 170)
2109 198 2297 241 auctori-

120 288 211 329 tate
243 281 454 326 librorum
491 271 584 323 sola
620 285 775 322 neutra
811 279 1024 333 scriptura
1058 290 1202 332 neque
1237 276 1428 317 munitur
1461 286 1604 329 neque
1643 273 1870 314 evertitur:
1907 269 1998 312 aliis
2027 266 2298 326 ponderibus

122 348 498 396 resenminanda
527 354 603 391 est.
663 346 944 391 Constructio
974 347 1203 396 orationis,
1242 345 1331 386 sive
1361 344 1540 401 impexa
1570 342 1660 383 sive
1697 339 1894 398 implexa
1931 338 2109 395 legitur,
2148 333 2298 379 eadem

124 425 211 463 est:
249 431 334 461 1100
353 430 620 474 quemquam
649 429 700 459 ea
728 416 860 472 magis
895 412 1104 466 offendet,
1145 427 1274 469 quam
1306 413 1505 455 incomta
1538 408 1745 467 capillos,
1785 413 2034 451 coronatus
2071 412 2298 462 tempora,

73 522 82 525 ..
121 491 261 545 ca'put
293 484 574 543 serpentibus
610 484 806 536 vallata,
847 483 1043 541 religata
1074 496 1268 533 comam,
1307 478 1512 524 brevibus
1549 479 1712 537 viperis
1749 478 1895 521 crines
1931 475 2177 533 implicata,
2217 471 2300 515 alia

123 560 323 600 sexcenta
350 553 397 597 id
426 567 574 611 genus.
632 552 822 595 Alteram
853 557 993 594 autem
1022 551 1276 607 scripturam
1306 562 1359 591 eo
1391 547 1540 591 dicunt
1568 551 1808 603 praestare,
1846 544 1966 602 quod
1996 546 2033 587 si
2061 541 2300 598 Tisiphone

121 625 301 681 impexa
336 623 417 675 sit,
459 620 644 664 foeditas
679 621 860 663 monstri
897 625 1126 676 augeatur:
1171 625 1212 660 at
1246 618 1347 660 huic
1382 618 1448 659 rei
1488 618 1589 659 satis
1632 613 1873 658 consultum
1913 619 2021 671 puto
2063 610 2301 668 anguineis

123 690 319 736 crinibus
349 697 391 734 et
419 689 627 733 attributo
646 689 805 744 feros,
835 690 895 731 ita
925 695 974 731 ut
1002 687 1112 730 hanc
1141 687 1411 730 immanitatis
1437 692 1480 728 et
1504 684 1686 728 feritatis
1717 684 2006 726 accessionem
2031 694 2123 723 non
2153 672 2301 721 admo-

123 750 228 803 dum
259 758 517 802 desiderem.
572 758 804 800 Praeterea
833 752 1191 813 quemadmodum
1220 757 1401 813 impexa
1431 767 1628 812 angues,
1668 754 1705 799 si
1745 752 1800 796 ad
1839 749 2199 795 consuetudinem
2235 746 2302 791 lo·

125 827 290 886 quendi
330 827 590 878 traduxeris,
628 825 801 869 sonabit
837 827 1041 883 impexos
1079 838 1254 882 angues
1291 821 1480 874 habens,
1520 824 1580 864 ita
1617 821 1814 879 implexa
1844 834 2019 879 angues
2047 816 2154 862 nihil
2183 813 2303 859 aliud

125 898 224 950 erit,
257 898 341 939 nisi
375 895 597 954 implexos
635 909 810 953 angues
847 892 1031 935 habens:
1071 894 1108 935 si
1137 905 1298 948 angues
1327 890 1500 947 implexi
1530 896 1630 932 sunt
1658 891 1684 932 i.
1715 903 1751 932 e.
1782 888 2114 944 verschlungen,
2154 891 2303 928 unter-

125 963 639 1021 einandergeschlungen‚
668 964 750 1005 iam
773 959 960 1004 efficitur
980 960 1047 1013 id,
1081 960 1202 1017 quod
1231 961 1312 1001 viri
1343 959 1461 1002 docti
1488 956 1661 1009 volunt,
1688 963 1738 999 ut
1766 958 1945 1015 impexa
1969 958 2024 998 sit
2046 954 2301 1010 Tisiphone.

125 1033 279 1089 ltaque
313 1046 370 1074 ne
410 1032 495 1075 hoc
531 1030 706 1087 quidem
741 1032 843 1072 satis
881 1030 1086 1072 momenti
1121 1027 1255 1070 habet
1292 1027 1347 1069 ad
1386 1025 1670 1069 damnandam
1700 1027 1955 1081 scripturam
1983 1023 2192 1081 implexa.
2249 1021 2302 1063 In

126 1100 261 1144 altera
297 1100 508 1155 scriptura
540 1100 720 1156 impexa
750 1096 892 1151 feros
925 1111 1010 1155 pro
1048 1094 1243 1139 crinibus
1272 1109 1448 1153 angues
1485 1094 1597 1137 male
1634 1108 1702 1136 me
1735 1092 1866 1136 habet
1897 1094 2098 1136 omissum
2128 1090 2318 1147 partici-r

123 1171 244 1227 pium
265 1166 388 1210 verbi
412 1181 522 1209 esse.
563 1166 671 1208 Non
699 1167 853 1221 ignoro
885 1164 1079 1221 quidem,
1108 1169 1277 1205 veteres
1308 1164 1541 1219 scriptores
1571 1164 1615 1204 in
1646 1162 1727 1203 1130
1749 1161 1892 1218 ellipsi
1922 1159 2140 1204 interdum
2171 1157 2302 1200 auda-

125 1238 264 1280 ciores
293 1235 445 1296 fuisse';
483 1232 560 1277 sed
590 1233 674 1275 1100
702 1232 802 1276 1000
833 1247 961 1290 quam
992 1231 1209 1274 horridam
1239 1230 1312 1272 illa
1342 1237 1383 1273 et
1418 1230 1652 1286 impolitam
1689 1231 1926 1274 orationem
1961 1229 2135 1281 reddat,
2174 1240 2302 1270 nemo

122 1303 250 1348 facile
280 1305 362 1347 erit
390 1305 496 1360 quin
525 1304 689 1344 sentiat.
738 1300 982 1358 Exprimam
1012 1300 1143 1346 latina
1173 1301 1313 1356 patrio
1344 1312 1562 1351 sermone„
1595 1306 1638 1342 et
1667 1299 1844 1355 quidem
1873 1297 2056 1341 verbum
2087 1311 2137 1340 ex
2162 1294 2300 1339 verbo

55 1408 67 1411 >
124 1375 223 1417 »sie
254 1372 330 1415 hat
360 1371 450 1414 sich
479 1369 720 1427 Schlangen
757 1376 856 1412 statt
893 1369 971 1412 der
1007 1370 1151 1411 Haare
1187 1368 1304 1411 nicht
1341 1366 1567 1424 gek‘ammt.
1626 1368 1740 1410 Mire
1775 1382 1879 1411 sane
1918 1367 2078 1410 dictum
2111 1380 2193 1423 pro
2223 1366 2301 1408 im-

123 1457 246 1501 pexa
273 1455 457 1498 angues,
497 1441 574 1497 qui
603 1441 641 1482 ei
670 1453 752 1496 pro
783 1437 974 1481 crinibus
1004 1443 1115 1480 sunt.
1173 1437 1232 1479 At
1261 1437 1298 1478 si
1326 1435 1484 1492 legitur
1511 1435 1727 1494 implexa,
1768 1435 1874 1478 haec
1903 1433 2079 1491 quidem
2113 1433 2300 1476 offensio

29 1522 34 1525 ’
60 1536 64 1537 ⁷
124 1510 431 1554 submovetur:
458 1514 644 1550 vertam:
674 1509 736 1549 sie
765 1506 838 1549 hat
865 1506 955 1548 sich
977 1505 1220 1561 Schlangen
1247 1510 1348 1547 statt
1377 1503 1455 1548 der
1481 1503 1626 1546 Haare
1658 1500 2302 1558 untereinandergeschlungen.

124 1581 251 1624 Hanc
285 1581 538 1636 scripturam
575 1578 805 1634 quominus
838 1575 963 1618 alteri
984 1581 1270 1631 anteponam,-
1309 1587 1443 1616 unum
1473 1578 1557 1625 est,
1597 1571 1718 1629 quod
1746 1587 1814 1614 me
1844 1569 2058 1613 cohibeat.
2116 1569 2303 1626 Reperi-

124 1656 198 1693 tur
225 1647 401 1705 quidem
430 1646 650 1704 ivnplexus
679 1659 768 1688 non
799 1644 948 1687 addito
978 1643 1125 1687 dativo
1156 1644 1240 1693 rei,
1271 1643 1340 1684 cui
1370 1640 1475 1698 quid
1505 1640 1734 1697 implexum
1764 1641 1840 1691 sit,
1878 1627 1999 1682 velut
2026 1640 2165 1682 series
2195 1651 2302 1681 cau-

49 1739 54 1743 ·
123 1731 280 1761 sarum
306 1715 523 1773 implexa,
553 1728 714 1757 manus
744 1712 986 1771 implexae,
1023 1710 1102 1754 sed
1131 1710 1387 1768 plerumque
1416 1715 1580 1762 tamen,
1617 1708 1664 1752 id
1693 1707 1814 1766 quod
1842 1714 1994 1750 natura
2023 1707 2149 1749 huius
2178 1703 2302 1748 verbi

123 1783 338 1844 postulat,
376 1790 451 1826 aut
479 1781 658 1826 dativus
686 1784 882 1839 ponitur,
917 1780 1037 1824 velut
1066 1779 1183 1837 apud
1212 1777 1442 1835 Virgilium
1475 1777 1577 1820 loco
1607 1792 1738 1834 supra
1768 1775 1944 1819 laudato
1974 1774 2188 1826 crinibus,
2229 1779 2302 1816 aut

126 1853 388 1897 adiiciuntur
413 1850 549 1894 verba
582 1853 701 1894 inter
731 1865 793 1894 se.
837 1849 1042 1892 Fortasse
1070 1847 1139 1890 1110
1167 1845 1396 1904 scrupulus
1424 1845 1572 1888 nullus
1603 1851 1678 1887 est.
1723 1843 1925 1887 Crinibus
1955 1850 2098 1886 autem
2121 1841 2299 1884 Tibullo

83 1971 88 1975 .
125 1918 315 1966 scribere
346 1933 438 1963 non
466 1919 603 1972 licuit,
632 1921 703 1962 cui
732 1919 1013 1975 Tisiphonam
1043 1915 1266 1975 anguibus
1299 1916 1507 1958 crinitam
1536 1912 1677 1956 facere
1707 1913 1946 1970 placuisset.
1978 1937 2032 1946 -
2081 1927 2121 1954 v.
2143 1912 2210 1954 77.
2256 1916 2302 1954 et

126 1991 294 2036 circum
321 1994 490 2046 stagna
518 1989 546 2030 i.
574 2001 610 2029 e.
641 1994 688 2030 ut
716 1994 836 2029 recte
867 1987 1092 2045 Dissenius
1131 1984 1314 2041 explicat
1348 1989 1395 2026 et
1431 1984 1592 2036 (sunt)
1630 1984 1797 2026 circum
1834 1997 1936 2025 eum
1967 1988 2157 2040 stagna:
2194 1980 2301 2023 haec

125 2057 341 2115 scriptura
375 2062 417 2098 et
453 2055 553 2098 loco
592 2055 825 2097 Homerico
863 2053 981 2107 (Od.
1002 2052 1072 2095 XI.
1095 2052 1207 2107 583)
1240 2059 1283 2095 et
1315 2050 1460 2095 verbis
1490 2050 1664 2104 Lucilii,
1703 2065 1814 2108 quae
1851 2051 2052 2108 Heynius
2089 2048 2299 2101 laudavit,

125 2125 182 2170 ab
209 2125 332 2168 irrito
363 2121 618 2166 emendandi
647 2129 807 2165 conatu
835 2121 1092 2166 defenditur.

100 2244 106 2247 ς
208 2191 330 2250 Eleg.
347 2192 423 2234 lv.
446 2207 486 2234 v.
503 2191 570 2234 12.
628 2191 713 2232 Hic
741 2189 954 2247 placidam
974 2192 1105 2232 niveo
1131 2195 1308 2246 pectore
1337 2187 1458 2245 pellit
1477 2203 1642 2246 aquam.
1676 2188 1816 2242 Cave,
1846 2203 1902 2232 ne
1923 2195 2067 2246 putes,
2095 2188 2296 2231 omissum

128 2276 224 2306 esse
259 2259 403 2320 quod:
441 2259 549 2302 11300
586 2255 703 2302 foret
738 2273 890 2316 magna
926 2260 1132 2301 orationis
1167 2257 1494 2314 componendae
1522 2260 1758 2314 imperitia,
1796 2260 1918 2301 cuius
1948 2257 2148 2310 Tibullus
2178 2257 2298 2313 argui

124 2331 296 2387 nequit:
326 2327 688 2385 quemadmodum
716 2326 863 2384 paullo
893 2327 1003 2370 infra
1031 2334 1131 2384 post
1158 2325 1293 2369 verba
1321 2324 1412 2379 hic,
1445 2328 1548 2385 quia
1571 2349 1627 2360 —
1649 2325 1799 2379 adest,
1830 2329 1946 2385 cepit
1974 2332 2217 2383 sequuntur
2243 2330 2294 2367 at

124 2398 192 2443 illi
228 2402 341 2448 stat3
379 2398 438 2439 ita
474 2396 558 2439 hoc
594 2395 695 2439 loco
734 2395 857 2448 dixit,
900 2393 973 2440 hic
1006 2394 1235 2454 placidam
1274 2396 1402 2438 niveo
1527 2395 1674 2453 pellit:
1719 2394 1878 2452 quibus
1915 2395 2060 2438 verbis
2099 2393 2212 2437 adde
2251 2398 2295 2436 et

122 2471 366 2525 propterea
399 2464 551 2522 placet
588 2464 660 2507 vel
698 2466 824 2522 cepit.
855 2487 912 2496 —
968 2478 1009 2506 v.
1030 2463 1099 2506 22.
1159 2470 1201 2506 et
1230 2462 1342 2517 freta
1369 2476 1531 2505 summa
1560 2463 1714 2506 serunt.
1754 2462 1907 2520 Virgil.
1928 2464 2035 2506 Aen.
2056 2461 2154 2504 Vll.
2177 2461 2295 2503 809:

124 2537 308 2578 intactae
337 2534 490 2589 segetis
519 2547 600 2590 per
631 2546 793 2575 summa
821 2532 970 2575 volare
1000 2530 1205 2574 Gramina
1234 2544 1315 2573 1100
1344 2537 1517 2574 teneras
1547 2546 1677 2574 cursu
1705 2530 1898 2575 laesisset
1927 2533 2088 2574 aristas.
2137 2529 2295 2587 Georg.

125 2603 201 2647 111.
217 2603 333 2646 194.:
352 2611 414 2644 ‘ac
434 2616 514 2658 per
533 2609 678 2658 aperta
700 2600 851 2644 volans
873 2615 953 2643 ceu
977 2599 1090 2643 liber
1109 2599 1290 2642 habenis
1310 2613 1503 2656 aequora
1524 2602 1594 2643 vix
1613 2615 1776 2643 summa
1797 2603 1975 2657 vestigia
1997 2606 2128 2657 ponat
2151 2612 2293 2642 arena.

125 2676 256 2727 atque
283 2670 391 2713 haec
417 2669 592 2726 quidem
626 2671 768 2713 omnia
798 2668 1023 2712 commode
1053 2684 1103 2711 ac
1131 2675 1311 2711 venuste
1342 2667 1456 2711 dicta
1484 2675 1586 2712 sunt
1611 2668 1666 2712 ad
1697 2668 2012 2726 depingendam
2043 2682 2192 2710 cursus
2221 2682 2295 2710 ve-

123 2736 354 2782 locitatem.
414 2738 547 2782 Ovid.
567 2738 661 2783 Am.
681 2738 734 2782 ΙΙ.
754 2738 800 2790 8,
822 2738 912 2782 20.:
962 2744 1012 2780 tu
1053 2736 1204 2780 iubeas
1249 2738 1376 2779 animi
1418 2739 1608 2794 periuria
1648 2740 1748 2795 puri
1792 2737 2074 2795 Carpathium
2117 2735 2291 2793 rapidos

124 2819 207 2863 per
241 2820 360 2848 mare
396 2806 510 2849 ferre
539 2806 698 2850 Notos.
756 2806 887 2864 Apud
918 2805 1141 2849 Tibullum
1179 2806 1368 2862 periuria
1405 2804 1507 2848 dum
1539 2820 1620 2863 per
1649 2820 1832 2849 summas
1869 2813 2006 2848 terras
2042 2819 2093 2847 ac
2130 2818 2292 2847 summa

122 2872 235 2917 freta
261 2872 459 2916 feruntur
487 2897 542 2907 -
571 2873 736 2917 fallitur
763 2876 875 2917 enim
904 2873 1172 2926 Huschkius,
1202 2888 1299 2916 cum
1327 2889 1502 2918 summa
1532 2873 1635 2918 dicit
1662 2873 1809 2917 valere
1838 2881 2043 2918 extrema
2074 2897 2127 2904 —
2158 2872 2293 2930 paleis

123 2940 196 2985 illa
224 2941 430 2985 videntur
455 2941 605 2985 similia
637 2957 750 2997 esse,
787 2957 899 3000 quae
926 2942 1124 2986 turbatae
1152 2941 1299 2986 volant
1327 2942 1487 3000 rapidis
1516 2942 1706 2987 ludibria
1734 2944 1883 2987 ventis.
1941 2943 2166 2986 Dissenius
2197 2943 2292 3003 qui-
