2462 3112
1174 93 1307 134 xvii

156 216 798 277 Boynius=e1si.sentit,·quam
827 212 1102 268 ineptum-sit
1131 206 1409 262 exclmlitup,
1438 204 1753 261 tamen-'aliqua
1785 218 1834 246 ex
1862 209 1986 261 parte
2014 201 2124 246 illud
2151 208 2317 253 tuetur,

156 286 603 347 opinatuewpositum
633 297 725 325 esse
755 296 836 338 pro
868 279 1096 324 clauditur
1109 297 1128 321 :-
1159 278 1288 335 quod.
1309 276 1406 319 fieri
1435 274 1561 318 nullo
1600 280 1916 332 pacto¹potest.
1967 272 2088 329 Quid
2113 277 2210 331 'qua
2236 271 2322 314 hec

155 356 265 401 lnnot
286 330 868 405 valeat4z·docet“Disseffius
901 352 956 392 in·
976 356 1122 391 annot.
1146 347 1206 390 'ad
1236 347 1275 388 h.
1306 345 1333 388 l.
1365 370 1419 378 —
1456 361 1496 387 v,
1524 345 1606 388 57.v
1641 342 1776 386 Victa
1807 367 1861 376 —
1880 340 2108 396 foedatus
2140 341 2322 384 luminat

157 421 620 479 Gentem-Virgikulll.
650 420 884 463 Aen.'657.
914 418 1010 460 662.
1040 417 1137 459 677.
1181 415 1316 467 ¹ovid.
1345 415 1520 457 Metam.
1550 413 1674 468 xm,
1714 411 1810 454 772.
1841 411 1989 453 iuven.
2019 411 2104 453 Sat.
2134 409 2213 462 lx,
2246 409 2319 452 63.

157 490 507 549 lwpmdemius.
530 488 806 546 Polyphemon
829 487 978 529 lumen
1007 484 1214 527 tribuunt.
1246 484 1442 539 Propert.
1466 483 1548 534 111,
1581 481 1646 523 12.
1676 481 1754 522 26:
1799 481 2057 536 exustaeque
2092 487 2190 521 tuae
2218 480 2319 521 inex

155 559 422 617 Bolypheme
455 572 603 615 genae.
633 581 694 592 -ι
716 572 772 599 v,
800 556 869 618 69.
913 554 1130 611 Scaligcro
1159 552 1320 610 placuit
1348 551 1547 595 mobilis:
1570 549 1705 606 ‘quod
1745 556 1809 591 est
1847 550 2036 590 rivorum
2079 547 2332 604 epithet‘ona

154 630 291 679 ceteri
318 629 401 670 viri
431 626 553 670 docti
579 632 806 668 servarunt
834 623 1006 668 nobilis.
1030 623 1165 667 conf.
1195 621 1386 664 Eustath.
1415 620 1471 662 ad
1503 619 1668 676 Odyss.
1696 626 1745 661 K.
1776 617 1872 660 108.
1909 618 2014 666 ἴσως
2044 615 2135 673 μὲν
2162 615 2317 671 ἴστορι.

153 701 245 745 κῶς
271 692 589 751 περιφερὸμὲὺη.
613 721 666 734 -.-
693 708 733 736 v.
763 694 831 735 62.
863 698 971 750 apta
998 691 1070 734 vel
1096 689 1244 733 herbis
1274 697 1467 748 aptaque
1495 689 1746 733 vel.cantu.
1791 689 2006 744 Aptaque
2037 686 2210 728 videtur
2239 699 2319 742 po-

154 768 315 817 situm,.
342 766 564 807 utssiustus
586 762 756 820 pedum
786 776 991 804 numerus
1020 759 1320 802 conficeretur.
1371 757 1612 814 Virgiliano
1643 772 1747 799 nam
1783 771 1926 814 neque
1957 780 2010 788 -
2039 770 2145 798 nam
2173 769 2318 814 neque

154 833 516 878 inscitiamthuius
546 840 698 888 poetae
731 832 919 872 excusari
948 828 1093 871 nolim.
1119 851 1173 861 —
1203 843 1240 870 v·
1268 829 1336 869 6-1.
1371 828 1635 869 Cimmerion
1665 824 1838 868 defendi
1862 839 2007 881 posse,
2037 839 2126 866 non
2155 837 2338 880 negem.»

156 910 304 960 atque,
340 916 441 957 cum
465 915 563 943 non
584 902 856 957 perspiciam,
886 898 991 956 quid
1017 897 1216 940 librarios
1246 898 1456 946 moverit,
1490 903 1537 938 ut
1572 895 1752 937 formam
1784 896 1958 950 genitivi
1995 892 2076 935 sibi
2106 894 2317 949 cognitam

154 985 252 1015 cum
277 969 493 1014 insolente
522 970 650 1023 (vide
674 968 875 1011 Schneid.
902 968 1086 1010 Gramm.
1118 966 1179 1016 Π,
1212 967 1236 1007 l
1255 982 1296 1023 p.
1319 966 1374 1007 85
1396 972 1438 1007 et
1460 965 1602 1007 Koen.
1631 963 1686 1006 de
1718 978 1841 1006 serm.
1865 965 2023 1019 epicor.
2045 977 2149 1004 rom.
2170 977 2210 1017 p.
2231 961 2317 1013 33)

154 1041 237 1096 ipsi
267 1045 857 1094 commutarent‚-suspensus
887 1044 1040 1078 teneor
1067 1050 1148 1077 nec
1176 1034 1331 1077 adduci
1361 1048 1555 1090 possum5
1583 1041 1632 1075 ut
1659 1032 1936 1074 Broukhusio
1966 1032 2238 1073 consentiam.
2259 1052 2318 1061 -

155 1123 196 1151 v.
222 1109 292 1151 67.
330 1107 379 1150 V
374 1106 457 1150 :det
480 1113 539 1149 Aut
566 1106 748 1161 inferno
779 1106 986 1148 Plutonis
1011 1102 1189 1147 subdita
1219 1117 1363 1160 regno
1396 1102 1576 1160 Magna
1606 1100 1738 1144 deum
1766 1101 1921 1159 proles
1951 1100 2117 1143 levibus
2148 1097 2320 1141 discur-

156 1183 279 1221 reret
322 1175 499 1220 umbris.
565 1177 637 1229 ln,
655 1190 786 1217 versu
833 1173 968 1216 altero
1020 1176 1247 1229 scriptura.
1278 1171 1409 1214 hodie
1456 1170 1669 1227 divulgata
1714 1185 1815 1212 vera
1870 1185 1919 1211 ac
1968 1177 2081 1211 certa
2135 1175 2222 1210 est:
2275 1168 2320 1209 in

157 1246 292 1289 altem
332 1245 624 1301 falsa320pinio
655 1243 921 1286 Huschkium
944 1242 1201 1292 induxerat,
1243 1250 1290 1284 ut
1324 1241 1620 1297 imperfectum
1657 1242 1813 1281 acriter
1842 1241 2116 1295 impugnaret.
2174 1234 2320 1278 Hodie

156 1329 252 1357 cum
289 1313 421 1356 huius·
454 1315 795 1370 temporisratio
833 1315 935 1354 satis
972 1314 1025 1354 sit
1062 1311 1266 1367 explicata
1289 1344 1298 1362 ,
1336 1324 1462 1352 nemo
1497 1324 1592 1351 cum
1624 1307 1846 1350 Huschkio
1877 1310 2039 1350 sentiet.
2098 1307 2146 1348 In
2174 1303 2333 1347 verbis

156 1381 338 1426 levibus
362 1381 691 1430 umbni821haesit
719 1382 938 1437 Heynius,
981 1383 1051 1422 cui
1086 1395 1180 1422 cum
1211 1381 1434 1421 Passeratii
1465 1380 1759 1434 interpretatio
1796 1377 2015 1419 videretur
2052 1391 2075 1417 a
2112 1374 2320 1416 latinitate

97 1448 100 1451 ’
155 1451 421 1502 abhorrere,
466 1451 573 1494 duas
611 1450 916 1507 interpretandi
955 1452 1045 1491 vias
1081 1451 1294 1505 ingressus
1332 1447 1543 1503 vulgatam
1580 1446 1712 1489 modo
1753 1448 1932 1496 retinet,
1975 1443 2106 1487 modo
2151 1443 2320 1486 deserit.

156 1519 207 1563 In
234 1522 706 1576 varietate-scripturae
737 1519 851 1561 nihil·
871 1526 952 1570 est,
984 1518 1103 1575 quod
1133 1525 1310 1560 enotatu
1338 1518 1508 1574 dignum
1539 1519 1603 1560 sit.
1635 1515 1783 1558 Verba
1809 1530 1977 1574 magna
2007 1513 2138 1556 deum
2164 1511 2320 1570 proles
2391 1541 2394 1544 ι

156 1604 235 1632 seu
263 1603 423 1645 graece
442 1594 561 1636 ξτεαῖιν
589 1587 791 1643 ἐρικυδέα*
814 1587 948 1630 τέκνα
972 1584 1094 1630 'omni
1124 1583 1368 1644 suspicicne
1392 1594 1555 1628 vacant.
1586 1586 1693 1628 Non
1715 1588 1853 1627 minus
1882 1598 2028 1626 sanum
2059 1590 2122 1624 est
2148 1580 2320 1624 discur-

157 1672 262 1701 rere
287 1656 491 1713 idemque
517 1656 894 1699 reideclarandae
915 1658 1196 1712 ’aptissimum
1227 1656 1453 1699 Ablativus
1474 1670 1577 1698 vero
1607 1655 1774 1697 levibus
1804 1653 1973 1696 umbris-
2000 1650 2159 1708 aliquid
2190 1648 2321 1691 habet·

157 1726 423 1770 offensionis.
460 1725 635 1768 Umbris
662 1740 752 1767 non
783 1740 864 1783 pro
897 1725 1012 1768 Oreo
1044 1727 1228 1781 positum
1259 1739 1372 1776 esse,
1405 1739 1455 1766 ex
1488 1723 1677 1779 epitheto
1709 1721 1876 1765 levibus
1906 1723 2187 1778 cognoscitur.
2220 1719 2322 1760 Dis-

157 1799 302 1841 senius
337 1794 754 1852 igitur-discurrere
792 1794 956 1836 umbrie
992 1793 1160 1836 levibus
1197 1792 1354 1835 dictum
1391 1799 1512 1850 putat
1541 1791 1595 1833 ad
1633 1789 1949 1834 similitudinem
1989 1789 2219 1831 locutionis
2254 1788 2322 1829 in-

159 1865 320 1910 cedere
342 1864 507 1918 forma
537 1861 743 1904 humana.
777 1863 905 1906 Conf.
935 1863 1039 1903 Luc.
1072 1862 1218 1904 Phars.
1249 1861 1288 1913 Ι,
1321 1862 1394 1903 ll:
1424 1862 1648 1912 Ausoniis,
1678 1858 1917 1916 umbraque
1949 1865 2108 1901 erraret
2137 1856 2321 1900 Crassus

157 1934 304 1979 inulta.
338 1934 472 1989 Atqui
503 1931 684 1983 Crassus
714 1939 802 1973 tum
833 1930 1004 1986 quidem
1035 1929 1185 1972 umbra
1214 1937 1317 1972 erat.
1346 1954 1403 1961 —
1431 1945 1470 1972 v,
1503 1930 1567 1973 70.
1596 1929 1733 1972 Illum
1760 1931 1879 1971 inter
1906 1929 2111 1986 geminae
2139 1930 2323 1967 nantem
2391 1931 2397 1939 “

158 2001 357 2058 confinia
378 2003 549 2043 mortis.
579 2000 701 2041 Haec
729 2001 938 2055 scriptura
968 2013 1166 2054 germana
1198 2006 1281 2040 este
1313 2001 1587 2056 tergeminae
1608 2004 1750 2040 autem
1783 2005 1825 2039 et
1852 1998 2139 2056 pergeminae
2168 1993 2322 2050 depra-

157 2074 332 2115 vatione
363 2072 459 2112 eius
485 2076 575 2111 orta
603 2075 712 2111 sunt.
745 2069 793 2110 In
822 2067 1041 2110 nonnullis
1070 2066 1191 2109 libris
1221 2066 1377 2122 legitur
1406 2068 1641 2125 tergemini
1674 2068 1853 2108 montis:
1884 2064 2003 2121 quod
2023 2064 2222 2119 Heynius
2252 2068 2323 2104 ter

155 2146 320 2184 mutato
348 2140 394 2181 in
421 2140 539 2181 inter
557 2151 647 2180 nou
677 2139 858 2193 sprevit,
888 2139 1133 2192 anteposuit
1164 2138 1286 2178 etiam
1307 2134 1502 2192 vulgatae
1523 2134 1788 2183 Huschkius3
1823 2136 2007 2190 quippe3
2040 2133 2319 2175 Homericum

157 2207 302 2252 locum
331 2214 504 2264 poetam
542 2208 776 2248 imitatione
808 2208 1077 2262 expressisse.
1137 2205 1235 2247 Nec
1273 2203 1451 2246 dubium
1492 2211 1585 2256 est,
1623 2205 1728 2260 quin
1767 2205 1825 2245 ita
1863 2202 1991 2244 scribi
2026 2202 2241 2258 potuerit:
2279 2205 2324 2242 at

159 2284 322 2334 quanto
350 2276 527 2319 alterum
557 2277 612 2317 sit
642 2277 886 2326 venustius,
923 2274 1097 2331 planum
1132 2281 1206 2316 est.
1245 2273 1375 2326 (Vid.
1407 2273 1576 2315 Dissen.
1606 2272 1660 2314 ad
1690 2273 1730 2314 h.
1761 2271 1808 2325 l.)
1851 2269 1985 2328 Quod
2023 2280 2127 2312 vero
2156 2269 2325 2311 Husch-

157 2344 257 2387 kius
293 2347 564 2401 suspicatur,
602 2350 771 2399 poetam
812 2341 923 2384 duos
959 2341 1057 2384 illos
1087 2343 1280 2398 geminos
1319 2340 1550 2397 scopulos,
1594 2356 1704 2398 quos
1734 2340 1879 2397 Scylla
1912 2347 1955 2382 et
1985 2338 2231 2395 Charybdis
2261 2338 2324 2380 fe·

157 2420 312 2456 nmtur
338 2414 549 2461 tenuisse,
575 2426 669 2452 cum
699 2409 1143 2465 πέτραιςπλαγκταῖς
1173 2411 1198 2451 i.
1235 2424 1271 2451 e.
1304 2408 1662 2466 Symplegadibus
1693 2409 1805 2463 (vid.
1829 2408 1990 2464 Odyss.
2018 2413 2076 2460 ψ,
2107 2408 2219 2460 327)
2249 2409 2328 2449 im-

110 2503 112 2505 ·
158 2482 397 2540 prudenter
427 2479 690 2530 confudisse,
720 2479 764 2521 id
796 2494 889 2522 cum
920 2480 1246 2530 incertissimum
1276 2480 1348 2530 sit,
1378 2478 1483 2519 nihil
1510 2492 1686 2534 prorsus
1711 2478 1765 2520 ad
1795 2477 2042 2519 firmandam
2074 2477 2325 2533 scripturam

159 2552 326 2609 gemini
363 2551 528 2592 montis
564 2550 767 2590 momenti
805 2548 944 2590 affert.
975 2573 1022 2578 —
1072 2563 1111 2589 v,
1142 2547 1208 2588 72.
1252 2561 1353 2589 cum
1389 2546 1573 2590 canibus
1612 2545 1795 2605 rapidas
1831 2549 1949 2588 inter
1973 2545 2088 2600 sera
2124 2550 2328 2602 serperet

160 2617 319 2661 undas.
366 2619 499 2659 Varia
539 2619 747 2673 scriptura
788 2622 852 2658 ost
889 2615 1071 2659 rabidas
1099 2619 1217 2658 inter
1237 2615 1385 2668 freta.
1436 2616 1620 2658 Puccius
1659 2615 1776 2658 dedit
1801 2614 1950 2668 fera,
1990 2613 2109 2670 quod
2138 2613 2251 2655 idem
2279 2614 2328 2655 in

159 2688 309 2744 paucis
338 2685 460 2728 libris
488 2685 654 2742 legitur.
704 2685 951 2741 Scripturae
981 2686 1265 2741 discrepantia
1291 2692 1335 2726 et
1364 2686 1427 2726 rei
1462 2683 1738 2740 explicandae
1769 2682 1998 2726 difficultas
2027 2683 2144 2723 viros
2173 2681 2329 2725 doctos

161 2754 217 2797 ad
255 2754 532 2797 coniectandi
564 2753 798 2796 sollertiam
837 2757 1043 2797 excitavit.
1093 2753 1386 2797 ‘coniecturas
1424 2767 1572 2795 eorum
1610 2751 1928 2810 diligentissime
1958 2752 2174 2793 recensuit
2204 2750 2330 2808 Hey-

160 2824 270 2865 nius.
326 2821 574 2864 Huscbkius
615 2824 844 2878 opinatus,
891 2822 1069 2865 Ulixem·
1104 2837 1183 2879 per
1229 2821 1336 2863 freta
1384 2824 1651 2878 navigantem
1701 2836 1725 2863 a
1768 2828 1896 2877 poeta
1941 2820 2025 2862 boc
2069 2818 2169 2862 loco
2215 2817 2332 2872 dici,

161 2892 411 2947 scripturam
440 2892 575 2932 unius*
602 2890 701 2932 libri
735 2897 939 2934 curreret
975 2891 1171 2948 cupidius
1211 2891 1390 2946 arripuit
1418 2897 1668 2945 mutatoque
1707 2904 1806 2931 cum
1843 2890 1886 2931 in
1923 2890 2028 2946 quin
2064 2887 2182 2944 legit:
2221 2891 2330 2947 quin

162 2959 345 3004 canibus
380 2958 562 3017 rapidas
600 2961 718 3001 inter
746 2959 882 3013 freta
918 2966 1121 3003 curreret
1161 2957 1327 3001 undas:
1363 2960 1480 3001 inter
1506 2957 1640 3012 freta
1673 2959 1783 3002 enim
1818 2956 1933 3003 idem
1967 2970 2087 3008 esse,
2125 2954 2254 3014 quod·
2281 2958 2332 3000 in·

1784 3024 1810 3063 3
