2462 3112
1185 91 1317 130 XVII

161 213 277 255 acies
302 210 409 268 legi:
437 210 566 270 vulgi
585 224 713 252 arma
744 210 824 252 hac
854 209 1164 266 significatione
1194 211 1380 265 positum
1406 221 1496 251 non
1516 207 1669 264 reperi.
1709 207 1893 250 Bachius
1916 207 2075 250 milites
2094 208 2338 266 gregarios

161 278 310 333 (velut
339 279 476 321 Tacit.
507 278 614 321 Hist.
646 278 678 320 Ι.
715 277 790 327 46,
822 278 882 330 5.)
917 276 1002 319 dici
1034 276 1264 319 arbitratus
1296 284 1376 325 est;
1408 277 1592 318 Vossius
1624 283 1665 318 et
1695 275 1920 318 Dissenius
1951 290 2079 318 arma
2108 275 2235 333 vulgi
2266 289 2339 317 ex-

160 346 320 405 plicant
348 345 529 398 cultros,
558 344 709 397 falces,
740 345 821 406 alia
852 345 897 388 id
927 359 1063 401 genus
1085 359 1219 396 arma,
1249 359 1360 401 quae
1384 343 1538 400 vulgus
1569 345 1612 386 in
1638 343 1863 386 discordiis
1893 358 1942 384 ac
1973 343 2243 389 dissidiis,ad
2274 346 2338 385 in·

157 413 335 457 ferenda
363 413 544 456 vulnera
577 420 618 455 et
648 413 823 455 caedem
853 414 1050 469 arripiat:
1087 410 1157 454 his
1187 414 1324 454 armis
1355 412 1521 467 egregie
1552 413 1717 468 opponi
1745 411 1918 461 tubam,
1960 426 2043 467 qua
2073 426 2139 461 ea,
2172 426 2282 467 quae
2313 426 2339 452 a

159 479 366 525 militibus
390 483 724 533 committantur,
743 481 914 537 proelia
934 480 1192 523 indicentur.
1223 481 1278 522 Et
1300 479 1416 536 apud
1436 479 1711 536 Propertium
1734 479 1905 536 quidem
1930 481 2033 532 (IV.
2055 479 2168 522 E1.1.
2192 495 2230 521 v.
2247 480 2340 532 27.)

157 550 278 593 iusta
305 563 435 592 arma
465 551 578 592 ustis
606 548 791 592 sudibus
822 556 1109 606 opponuntur
1141 548 1255 600 (vid.
1278 554 1422 590 annot.
1448 547 1648 590 Kuinoel.
1672 548 1726 590 ad
1750 548 1789 589 h.
1812 547 1872 600 l.).
1902 555 2031 604 atque
2062 561 2211 590 manus
2244 547 2339 599 illa,

157 617 286 673 quam
308 616 456 673 Scipio
482 618 642 660 Nasica
674 617 728 660 ad
746 616 1080 674 opprimendum
1104 615 1347 659 Gracchum
1379 615 1516 666 duxit,
1547 614 1751 666 fustibus,
1782 615 1911 657 clavis
1942 614 2338 670 subselliorumque

158 683 436 741 fragminibus
468 692 627 728 armata
659 693 749 728 erat
780 689 846 736 (v.
872 685 983 728 Plut.
1013 700 1054 726 v,
1078 684 1264 727 Gracchi
1286 699 1319 726 c.
1343 685 1443 736 19.).
1496 684 1658 725 Verum
1687 685 1798 725 enim
1829 698 1933 725 vero
1964 690 2094 740 poeta
2125 683 2180 725 de
2210 682 2337 724 bellis

156 751 380 810 loquitur,
422 768 512 796 non
550 754 604 796 de
641 755 739 796 rixis
777 755 930 810 pugnis
969 751 1390 808 certaminibusque,
1430 766 1542 807 quae
1573 751 1628 793 ab
1660 751 1904 795 hominibus
1945 751 1999 794 de
2032 751 2176 793 intima
2206 750 2337 808 plebe

157 827 450 865 conserantur.
491 821 589 878 Ipse
613 823 725 864 enim
747 828 975 879 postquam
998 820 1101 863 dixit
1130 835 1213 863 nec
1242 820 1359 862 bella
1378 819 1599 873 fuerunt,
1630 834 1724 861 non
1746 834 1898 870 arces,
1929 834 2020 862 non
2043 820 2191 862 vallus
2211 826 2335 869 erat,

156 888 305 945 paullo
344 889 482 931 infra:
516 905 668 940 nunc,
706 891 872 946 inquit,
902 887 965 931 ad
991 889 1109 932 bella
1141 888 1304 932 trahor
1333 895 1377 931 et
1405 890 1496 931 iam
1529 891 1626 945 quis
1646 888 1858 942 forsitan.
1888 887 2030 930 hostis
2061 896 2138 930 cet.
2195 889 2334 931 Recte

156 957 285 1012 igitur
301 957 529 1000 Praefkius
556 973 579 999 a
609 959 771 1001 Vossio
802 965 842 1000 et
859 957 1066 1000 Dissenio
1096 957 1312 1000 dissentit:
1343 964 1385 999 at
1415 959 1451 999 si
1481 956 1595 999 idem
1627 956 1785 999 collato
1817 971 1912 998 cum
1937 956 2001 998 his
2036 955 2179 999 verbis
2208 955 2337 999 nobi-

157 1023 318 1068 lissimo
348 1024 426 1068 illo
450 1026 619 1068 Horatii
649 1025 767 1077 loco,
800 1024 875 1068 ubi
906 1025 1021 1082 apud
1050 1025 1215 1068 inferos
1246 1025 1397 1082 vulgus
1419 1024 1565 1067 Alcaei
1595 1026 1779 1067 carmina
1811 1025 2008 1080 cupidius
2040 1024 2178 1075 audit,
2208 1020 2335 1083 vulgi

156 1107 286 1136 arma
317 1095 523 1136 existimat
551 1109 575 1136 a
608 1093 789 1136 Tibullo
823 1093 932 1144 dici,
971 1093 1092 1150 quod
1126 1093 1355 1136 multitudo
1388 1095 1580 1149 imperita
1619 1094 1743 1135 armis
1781 1092 1962 1149 gaudeat
1995 1099 2124 1149 atque
2155 1092 2336 1135 exsultet

155 1159 376 1217 tubaeque
418 1175 571 1204 sonum
616 1177 639 1203 a
676 1169 808 1219 poeta
846 1175 935 1204 non
978 1164 1072 1204 sine
1112 1162 1399 1218 trepidatione
1441 1161 1631 1203 auditum
1674 1161 1907 1203 laetissimo
1948 1163 2088 1203 animo
2134 1163 2332 1217 excipiat,

157 1228 265 1272 haec
291 1231 383 1271 eius
412 1231 706 1286 interpretatio
736 1244 826 1272 non
853 1230 1031 1272 multum
1064 1230 1235 1287 quidem
1268 1229 1322 1272 ab
1346 1231 1508 1286 Heynii
1541 1237 1583 1271 et
1605 1229 1753 1286 Vulpii
1783 1231 1992 1271 sententia
2024 1228 2223 1271 discedit:
2255 1228 2335 1271 sed

156 1296 199 1339 hi
230 1295 453 1353 aliquanto
483 1297 653 1354 planius
682 1314 811 1341 arma
840 1298 968 1357 vulgi
997 1313 1044 1341 ea
1081 1298 1230 1341 dicunt
1263 1313 1376 1349 esse,
1409 1312 1520 1354 quae
1551 1296 1732 1353 vulgus,
1763 1311 1853 1339 non
1883 1299 1936 1349 ii,
1976 1299 2050 1353 qui
2080 1299 2248 1354 sapiant
2284 1311 2334 1338 ac

154 1378 302 1421 pacem
323 1364 488 1416 colant,
522 1372 754 1408 sectentur.
796 1367 893 1408 Nec
914 1381 1019 1408 vero
1051 1366 1230 1408 deerant
1261 1369 1342 1408 viri
1373 1366 1514 1417 docti,
1544 1367 1618 1422 qui
1637 1367 1718 1407 rati
1739 1380 1887 1407 vocem
1911 1365 2037 1424 vulgi
2060 1365 2333 1422 depravatam

156 1445 251 1474 esse
284 1432 339 1476 ad
379 1434 664 1476 coniecturam
703 1434 998 1490 confugerent.
1057 1436 1121 1477 Ac
1152 1434 1454 1477 Broukhusius
1493 1433 1667 1491 quidem
1701 1435 1886 1476 coniecit
1920 1433 2090 1492 Valgi,
2119 1434 2332 1478 Boschius

142 1497 304 1557 frugi,
336 1499 584 1543 Huschkius
616 1501 689 1543 vel
719 1501 810 1548 ubi.
841 1502 1043 1544 Heinsius
1074 1501 1229 1544 dulcis.
1282 1503 1353 1544 De
1384 1502 1447 1544 his
1481 1501 1762 1559 opinionibus
1792 1501 2121 1545 Broukhusiana
2149 1505 2229 1545 iam
2263 1518 2334 1545 ex-

154 1566 279 1624 plosa
302 1575 345 1611 et
366 1570 523 1611 reiecta
546 1577 629 1611 est:
660 1569 936 1612 Huschkiana
958 1568 1062 1612 'nihil
1082 1570 1175 1613 fieri
1200 1575 1344 1627 petest
1366 1571 1574 1619 deterius;
1605 1570 1778 1612 Boschii
1788 1569 1951 1628 frugi,
1984 1571 2106 1612 etiam
2128 1572 2161 1612 si
2186 1579 2331 1614 teneas

156 1649 234 1686 ea,
264 1651 376 1692 quae
400 1636 491 1680 Cic.
515 1638 642 1680 Tusc.
666 1637 839 1695 disputt.
861 1639 943 1689 ΙΙΙ,
973 1638 1012 1681 8.
1043 1639 1097 1681 de
1124 1641 1165 1680 vi
1193 1647 1234 1682 et
1265 1639 1577 1697 significatione
1609 1639 1734 1680 huius
1764 1637 1967 1680 vocabuli
1997 1638 2152 1689 tradit,
2193 1646 2333 1682 tamen

155 1716 247 1746 non
275 1718 425 1760 neges,
457 1707 580 1748 nimis
611 1705 815 1762 languere
848 1706 960 1759 (vid.
987 1706 1178 1750 Huschk.
1202 1715 1348 1750 annot.
1374 1707 1428 1749 ad
1451 1707 1490 1749 h.
1512 1707 1569 1759 l.>.
1613 1706 1733 1763 Quid
1764 1706 1883 1763 quod
1914 1705 2060 1748 verbis
2092 1713 2198 1749 tunc
2228 1706 2333 1750 mihi

154 1774 248 1814 vita
257 1771 396 1825 foret
415 1775 452 1815 si
472 1774 643 1830 quidem
663 1782 817 1817 sonant
839 1782 946 1819 tunc
963 1778 1196 1828 vixissem,
1209 1776 1350 1835 frugi
1370 1790 1426 1819 ne
1447 1776 1573 1818 adiici
1594 1774 1765 1831 quidem
1789 1781 1943 1831 potest.
1975 1774 2179 1831 idemque
2198 1776 2333 1818 Hein-

156 1842 300 1883 sianae
322 1843 601 1885 coniecturae·
617 1846 814 1886 occurrit.
860 1846 951 1900 Age
980 1847 1035 1886 sis
1068 1859 1171 1901 ergo
1203 1845 1345 1888 locum
1375 1843 1708 1886 consideremus.
1752 1843 1885 1885 Poeta
1903 1842 2033 1885 modo
2065 1842 2185 1885 dixit:
2218 1858 2333 1885 arma

155 1910 326 1950 inventa
356 1916 505 1951 contra
534 1909 644 1952 feras
667 1912 771 1953 vitio
793 1911 1011 1954 hominum
1033 1913 1087 1955 ad
1111 1921 1298 1956 mutuam
1316 1912 1491 1955 caedem
1516 1925 1722 1954 conversa
1749 1925 1853 1953 esse.
1893 1910 2099 1954 Caussam
2119 1910 2332 1955 bellorum

156 1979 372 2020 avaritiam
397 1991 510 2020 esse:
541 1979 746 2035 quamdiu
770 1979 964 2022 homines
989 1996 1203 2038 pauperes
1234 1982 1434 2032 fuissent,
1465 1983 1608 2023 omnia
1633 1980 1765 2022 fuisse
1788 1986 1958 2035 pacata,
1989 1979 2238 2035 tranquilla,
2267 1995 2333 2022 se-

155 2060 271 2088 cura.
311 2046 408 2096 His,
433 2048 592 2102 inquit,
621 2047 886 2104 temporibus
904 2050 939 2090 si
960 2051 1155 2091 vixissem
1169 2083 1178 2099 ‚
1204 2064 1286 2091 nec
1304 2048 1422 2105 vulgi
1449 2064 1564 2095 arma
1583 2062 1752 2090 nossem
1773 2062 1917 2104 neque
1938 2046 2084 2090 tubam
2104 2048 2330 2090 audissem.

155 2113 431 2156 Manifestum
466 2122 557 2165 est,
598 2115 704 2158 tuba
734 2115 913 2158 indicari
944 2118 1054 2158 iusta
1084 2116 1252 2173 proelia
1284 2116 1352 2158 vel
1382 2118 1534 2159 iustam
1567 2115 1781 2158 militiam:
1819 2114 1922 2157 inde
1954 2118 2250 2171 consequitur,
2283 2125 2331 2159 ut

154 2180 286 2224 verba
315 2182 443 2240 vulgi
469 2197 620 2233 arma,
650 2185 685 2225 si
715 2198 817 2225 sana
849 2185 951 2236 sint,
983 2183 1100 2226 aliud
1124 2184 1228 2240 quid
1253 2174 1502 2240 significent.
1548 2182 1791 2240 Stipendia,
1822 2197 1934 2239 quae
1953 2185 2066 2239 ipse,
2097 2198 2190 2225 cum
2215 2193 2330 2227 aeta-

154 2256 239 2292 tem
270 2248 491 2292 militarem
524 2265 649 2308 agere
681 2253 915 2307 coepisset,
945 2254 990 2294 in
1014 2251 1232 2309 equitibus
1255 2252 1397 2294 facere
1427 2250 1635 2303 debebat,
1664 2251 1792 2310 vulgi
1817 2266 1945 2293 arma
1968 2251 2084 2293 certe
2105 2266 2192 2294 non
2215 2252 2329 2295 dixit.

156 2316 420 2361 Contemtim
451 2321 595 2374 potius
625 2319 790 2377 vulgus
819 2319 992 2362 videtur
1021 2319 1180 2363 dictum
1221 2335 1326 2362 esse.
1385 2319 1534 2362 Arma
1566 2334 1701 2363 nosse
1732 2334 1988 2376 quamquam
2018 2334 2328 2376 saepenumero

153 2385 269 2428 valet
299 2387 437 2428 armis
469 2388 534 2429 uti
553 2388 669 2430 scire
698 2388 888 2440 (confer.
912 2388 1113 2446 Kissling.
1135 2388 1189 2431 ad
1215 2389 1349 2431 Tacit.
1375 2389 1502 2431 Histt.
1526 2388 1557 2429 Ι.
1579 2387 1654 2439 48,
1685 2388 1763 2439 1.);
1794 2387 1878 2430 hoc
1899 2394 2038 2429 tamen
2068 2387 2168 2430 loco
2195 2403 2329 2431 nosse

153 2453 254 2496 mihi
282 2453 455 2496 videtur
483 2468 638 2497 sonare
668 2454 810 2507 idem,
848 2455 969 2512 quod
1001 2456 1218 2499 interdum
1248 2458 1445 2507 sentire,
1479 2458 1505 2500 i.
1538 2470 1574 2498 e.
1607 2455 1764 2498 dolore
1795 2455 1982 2511 quodam
2013 2470 2062 2498 ac
2092 2455 2248 2499 damno
2279 2472 2330 2499 ex

153 2520 297 2578 aliqua
327 2536 374 2564 re
404 2529 552 2578 capto,
584 2522 722 2579 qualis
754 2537 804 2565 ea
834 2537 905 2566 res
936 2525 1012 2575 sit,
1041 2524 1299 2582 intelligere,
1326 2523 1446 2567 velut
1477 2524 1626 2565 Horat.
1649 2524 1679 2564 Ι.
1704 2524 1776 2574 15,
1805 2523 1874 2565 26.
1906 2537 2059 2565 nosces
2082 2523 2328 2567 Merionen.

155 2589 290 2632 Poeta
319 2590 466 2645 igitur,
498 2591 542 2631 ni
571 2589 700 2632 fallor
725 2590 851 2643 (vide
872 2598 1014 2634 tamen
1033 2591 1203 2635 Dissen.
1227 2591 1392 2649 proleg.
1414 2607 1455 2648 p.
1478 2592 1533 2634 15
1554 2599 1597 2634 et
1624 2592 1710 2645 16.)
1732 2592 1796 2634 his
1816 2590 1960 2634 verbis
1981 2599 2133 2634 notare
2153 2593 2329 2635 videtur

154 2670 324 2699 saevam
339 2656 451 2699 illam
475 2665 518 2700 et
541 2658 730 2700 ferocem
747 2658 915 2702 turbam
938 2660 1176 2711 hominum,
1207 2662 1281 2716 qui
1302 2660 1539 2717 profligatis
1559 2661 1683 2702 Bruti
1705 2667 1746 2702 et
1770 2659 1909 2703 Cassii
1930 2659 2123 2715 partibus
2142 2675 2164 2701 a
2184 2663 2332 2703 trium-

155 2724 259 2765 viris
291 2726 549 2767 exauctorati
579 2732 652 2768 aut
679 2725 838 2769 dimissi
863 2729 1061 2783 agrisque
1081 2728 1230 2770 Italiae
1252 2727 1584 2785 municipalibus
1605 2728 1750 2770 donati
1782 2730 1874 2769 iure
1908 2729 2062 2769 iniuria
2093 2730 2137 2769 in
2161 2743 2334 2784 posses-

155 2791 300 2833 siones
319 2790 476 2834 alienas
496 2794 754 2837 invaserunt.
778 2809 864 2851 qua
883 2794 1117 2839 calamitate
1135 2795 1312 2853 publica
1329 2795 1529 2838 Tibullus
1547 2812 1723 2854 quoque
1742 2803 1906 2853 partem
1930 2799 2173 2853 patrimonii
2194 2801 2333 2842 amisit

157 2858 345 2911 (confer.
369 2859 400 2902 1.
425 2859 461 2901 l.
492 2860 688 2918 Propert.
708 2861 786 2904 IV.
811 2865 857 2915 l,
890 2863 984 2905 130.
1017 2863 1184 2921 Grupp.
1206 2864 1232 2906 l.
1255 2863 1282 2906 l.
1304 2879 1345 2920 p.
1365 2864 1495 2917 259).
1534 2866 1684 2922 Itaque
1711 2868 1843 2908 totius
1874 2864 1958 2907 loci
1989 2868 2198 2909 sententia
2229 2868 2336 2913 haec

158 2933 248 2969 est:
283 2929 317 2969 si
346 2933 436 2969 tum
466 2928 686 2980 vixissem,
721 2943 865 2986 neque
896 2933 1044 2974 armati
1074 2931 1188 2988 vulgi
1219 2933 1395 2974 iniurias
1426 2946 1575 2988 passus
1606 2948 1737 2976 essem
1778 2947 1923 2989 neque
1953 2948 2065 2975 arma
2096 2942 2262 2991 gestare
2293 2946 2335 2981 et
