2462 3112
1223 109 1310 149 XX

193 228 257 271 his
290 227 393 285 quid
423 231 731 283 consequatur,
761 226 943 282 quisque
968 224 1094 272 facile
1118 226 1324 284 intelligit.
1355 250 1408 259 —
1466 242 1506 272 v.
1536 229 1604 271 11.
1652 229 1842 289 Ipseque
1869 238 1935 275 te:
1962 233 2020 276 ita
2046 234 2343 280 Lachmannnz
2386 211 2389 213 >

193 304 235 339 et
259 297 502 338 Dissenius:
544 294 742 351 Heynius
773 301 922 336 contra
954 294 1272 337 etHuschkius
1303 297 1483 354 ipseque
1513 302 1584 340 ter
1611 295 1845 354 legendum
1871 308 2141 346 censuerunt.
2199 301 2344 359 Quam

192 366 443 421 scripturam
462 364 659 420 Heynius
686 362 998 405 aberrationem
1027 361 1299 419 librariorum
1324 366 1533 416 nominat,
1565 366 1605 406 ei
1633 369 1923 421 patrocinatus
1953 376 2017 411 est
2046 369 2254 426 Scaliger,
2279 370 2347 415 id·
2385 400 2387 404 Α

193 447 279 489 que
307 446 398 474 non
427 432 590 473 iniuria.
647 431 723 472 Est
753 443 856 471 sane
886 429 1018 471 altera
1047 431 1258 485 scriptura
1286 431 1378 486 ipsa
1408 431 1578 487 quidem
1607 433 1749 489 proba
1779 440 1822 477 et
1851 437 1987 491 possit
2017 451 2108 479 non
2140 452 2229 480 uno
2257 451 2344 481 -no-

192 502 304 542 mine
333 498 517 542 defendi.
577 498 872 554 Perspicuit-ati
901 498 1012 539 enim
1043 499 1248 540 orationis
1276 493 1452 540 multum
1489 498 1611 542 abest
1646 507 1695 543 ut
1732 503 1933 544 omissum
1970 510 2210 560 pronomen
2244 504 2344 548 offi-

192 568 292 618 ciat,
330 581 426 608 cum
453 565 596 608 verbis
628 564 690 608 Te
720 564 849 608 dicor
876 565 1088 621 eripuisse
1117 565 1221 606 nihil
1249 566 1534 622 relinquatur,
1573 568 1692 624 quod
1724 569 1955 612 obscurum
1993 578 2066 614 aut
2102 571 2342 629 ambiguum

189 636 256 698 sit.
313 634 410 676 Pari
440 634 570 676 modo
600 635 644 675 in
674 632 1034 689 subsequentibus
1066 632 1252 675 distichis
1283 633 1359 676 tibi
1389 641 1433 676 et
1457 648 1543 691 pro
1574 642 1619 678 te
1647 638 1801 679 omissa
1839 645 1957 690 sunt,
1998 639 2103 695 quin
2137 653 2218 682 nos
2251 623 2343 682 nlla

190 701 456 758 intelligendi
485 700 714 744 difficultas
744 707 901 743 teneat.
961 701 1184 743 Praeterea
1214 700 1479 757 compertum
1508 701 1734 756 habemus,
1775 706 1820 747 in
1849 707 1976 747 sacris
2008 712 2048 747 et
2078 707 2342 749 caerimoniis

192 769 486 818 describendis
516 768 854 825 diligentissimos
883 774 1051 810 veteres
1081 767 1222 810 fuisse.
1270 767 1401 811 Ovid.
1422 769 1597 811 Metam.
1619 769 1717 812 VII.
1737 771 1854 814 262:
1884 779 2035 828 terque
2060 780 2203 815 senem
2225 773 2344 816 flam*

190 852 277 890 ma,
306 843 374 880 ter
403 851 534 893 aqua,
564 843 630 878 ter
657 835 819 878 sulfure
845 835 1006 878 lustrat.
1047 834 1162 877 Vide
1190 837 1363 878 omnino
1391 835 1446 878 de
1472 836 1681 892 religione
1707 839 1874 880 numeri
1899 841 2073 880 ternarii
2100 838 2341 882 Obbarium

190 905 244 948 ad
267 906 417 948 Horat.
439 906 573 961 Epist.
596 903 628 946 I.
650 904 696 955 1,
720 904 788 946 37.
845 905 1010 946 Verum
1048 904 1159 945 enim
1191 918 1299 946 vero
1335 905 1544 960 scriptura
1573 911 1617 947 te
1647 905 1842 947 codicum
1871 908 2124 948 auctoritate
2151 906 2344 950 firmatur

191 979 233 1016 et
262 972 563 1029 anteponenda
593 978 656 1014 est
685 971 805 1014 alteri
833 978 1083 1028 propterea,
1114 972 1213 1027 quia
1241 973 1502 1015 consociatio
1529 975 1831 1029 pronominum
1857 975 1951 1031 ipse
1979 980 2024 1016 te
2050 987 2223 1020 sensum
2249 987 2341 1017 mo-

187 1048 261 1084 vet
293 1040 563 1083 mollissimae
602 1041 806 1092 caritatis,
844 1054 929 1096 qua
957 1039 1088 1081 Delia
1123 1045 1165 1082 et
1194 1039 1394 1081 Tibullus
1430 1046 1533 1082 tunc
1569 1042 1700 1083 vincti
1736 1041 2011 1093 tenebantur,
2054 1041 2241 1098 ideoque
2274 1043 2341 1084 rei

188 1111 364 1152 maxime
402 1115 688 1151 consentanea
726 1115 801 1150 est.
860 1106 988 1150 Adde
1028 1109 1172 1158 etiam,
1213 1107 1332 1163 quod
1369 1122 1454 1150 vox
1492 1110 1657 1152 circum
1693 1111 1918 1165 requirere
1951 1109 2114 1165 aliquid
2148 1109 2339 1160 videtur,

189 1192 277 1235 quo
308 1176 550 1220 definiatur.
581 1199 635 1208 -
693 1191 733 1218 v.
762 1175 831 1217 20.
874 1174 1086 1232 fingebam
1117 1174 1311 1228 demens,
1347 1175 1423 1218 sed
1451 1184 1661 1219 renuente
1691 1177 1786 1219 deo.
1826 1176 2006 1219 demens
2035 1177 2246 1220 adiectum
2276 1183 2340 1220 est

187 1247 431 1303 pronomini
460 1259 568 1303 ego,
611 1244 730 1301 quod
761 1250 825 1286 est
856 1245 900 1286 in
933 1243 1070 1286 verbo
1093 1242 1341 1301 fingebam.
1399 1244 1532 1287 Poeta
1568 1244 1721 1287 dolore
1759 1251 1802 1287 et
1837 1243 2192 1294 ira‘commotus,
2228 1251 2338 1296 erat,

190 1315 349 1371 inquit,
390 1313 623 1365 dementia,
662 1312 770 1354 haec
806 1311 989 1368 fingere:
1025 1310 1240 1367 fingebam
1277 1318 1437 1364 tamen,
1475 1311 1553 1354 sed
1591 1312 1650 1354 dii
1685 1317 1920 1354 renuerunt
1947 1313 1974 1355 i.
2002 1326 2037 1355 e.
2067 1311 2144 1354 sed
2173 1311 2340 1354 frustra.

190 1381 451 1426 coniunctio
480 1379 563 1423 sed
591 1395 713 1422 suum
741 1379 884 1422 locum
917 1386 1051 1422 tenet:
1091 1380 1164 1435 qui
1202 1393 1293 1420 eam
1330 1386 1568 1435 suspectam
1602 1378 1778 1431 habent,
1812 1379 1968 1421 fluctus
2005 1379 2106 1420 mihi
2139 1377 2341 1422 videntur

186 1451 232 1492 in
260 1448 444 1506 simpulo
475 1450 668 1490 excitare.
700 1473 754 1481 -
796 1462 836 1490 v·
857 1448 925 1490 25.
971 1453 1232 1509 consuescet
1260 1447 1498 1490 numer‘are
1522 1462 1680 1504 pecus:
1711 1452 1973 1490 consuescet
2001 1447 2194 1488 amantis
2224 1446 2340 1494 Giar-v

186 1517 314 1560 rulus
342 1519 389 1560 in
418 1515 626 1559 dominae
656 1514 812 1558 ludere
839 1530 978 1557 verna
1004 1517 1117 1556 sinu.
1178 1513 1424 1564 Consulto„
1446 1516 1586 1569 inquit
1614 1515 1859 1566 Dissenius,
1886 1512 2125 1556 subiectum
2153 1513 2339 1556 mutavit.

190 1584 432 1629 Consulto?
459 1585 586 1626 immo
611 1589 674 1626 est
694 1597 880 1624 naevus:
911 1581 1060 1638 quales
1089 1581 1161 1623 vel
1189 1582 1554 1637 praestantissimis
1584 1580 1838 1637 corporibus
1864 1580 2007 1622 solent
2027 1582 2212 1636 inspersi
2232 1593 2339 1623 esse.

187 1649 302 1697 Nam
339 1653 513 1695 stultum
549 1659 631 1704 est,
669 1653 809 1694 omnia
841 1652 983 1693 mirari
1018 1652 1063 1693 in
1099 1657 1290 1692 veterum
1328 1651 1513 1706 scriptis,
1552 1648 1747 1699 laudare,
1781 1648 2004 1699 extollere,
2043 1649 2164 1703 quasi
2199 1648 2340 1690 omnia

186 1722 271 1763 sint
299 1721 343 1762 in
372 1722 422 1762 iis
451 1719 639 1776 perfecta
670 1726 711 1761 et
741 1725 1039 1761 consummata.
1095 1718 1324 1774 Equidem,
1357 1716 1623 1759 cumverbis
1651 1721 1912 1759 consuescet
1939 1729 2177 1758 numerare
2202 1729 2340 1772 pecus

186 1802 278 1832 non
307 1781 580 1830 additum'sit
607 1800 868 1844 pronomen,
898 1785 1017 1842 quod
1043 1800 1210 1828 vernae
1241 1792 1507 1841 opponatur;
1536 1785 1762 1840 repetitum
1794 1784 1915 1825 etiam
1943 1783 1997 1825 sit
2023 1781 2203 1825 verbum
2232 1795 2339 1825 con-

186 1863 382 1908 suescet,
421 1858 575 1899 omissa
612 1855 798 1911 denique
834 1853 1041 1911 particula
1079 1852 1339 1909 copulativa,
1378 1851 1534 1894 adduci
1569 1865 1660 1892 non
1692 1864 1888 1906 possum,
1927 1855 1976 1892 ut
2010 1849 2119 1891 hanc
2154 1848 2340 1905 subjecti

186 1926 462 1968 mutationem
499 1922 695 1980 pulcram
733 1929 806 1964 aut
843 1935 1069 1964 nervosam
1107 1921 1301 1962 iudicem.
1368 1920 1471 1962 Non
1509 1917 1779 1960 haerebimus
1807 1919 1852 1959 in
1883 1916 2139 1973 explicandis
2170 1915 2359 1960 verbis:—

186 2007 283 2036 nam
318 1999 422 2035 nota
458 1997 558 2033 sunt
593 1991 734 2033 omnia
771 2003 855 2031 nec
894 1989 1127 2045 quidquam
1162 1990 1271 2030 inest
1307 1986 1509 2042 ambigui:
1547 1985 1626 2046 sed
1662 1991 1872 2027 structura
1909 1985 2114 2026 orationis
2145 1981 2339 2039 neglecta

189 2067 274 2104 est:
299 2060 345 2103 id
375 2059 566 2102 excusari
591 2064 756 2115 potest,
785 2057 952 2099 laud-ari
978 2071 1068 2099 non
1094 2062 1249 2112 potest.
1295 2055 1498 2099 Ceterum
1525 2054 1770 2095 suavissima
1798 2059 1862 2095 est
1888 2054 2046 2108 imago,
2077 2056 2162 2107 qua
2187 2049 2338 2094 Tibul-

187 2127 256 2172 lus
283 2128 451 2171 Deliam
482 2127 669 2183 depingit
698 2127 839 2169 omnia
869 2124 1012 2167 officia
1042 2130 1084 2166 et
1112 2125 1254 2166 munia
1282 2122 1456 2165 sedulae
1485 2122 1629 2163 matris
1659 2119 1836 2162 familias
1859 2119 2091 2162 obituram:
2120 2117 2174 2160 ad
2195 2123 2340 2160 ostem

187 2195 358 2240 tandam
388 2196 514 2238 herae
544 2195 804 2245 comitatem,
837 2192 920 2235 hoc
948 2206 1081 2234 verna
1108 2190 1310 2247 puerulo,
1342 2191 1535 2246 qui·sine
1561 2188 1648 2231 ulla
1676 2188 1894 2230 timiditate
1921 2189 1967 2228 in
1995 2188 2153 2243 gremio
2181 2183 2338 2228 Deliae

188 2265 319 2317 ludit,
360 2263 466 2306 nihil
501 2269 617 2305 certe
656 2260 826 2304 dulcius
861 2267 933 2303 aut
967 2259 1195 2301 iucundius
1231 2258 1335 2314 fingi
1372 2258 1524 2314 potuit.
1563 2280 1616 2290 —-
1662 2271 1715 2299 ·v.
1744 2256 1812 2298 30.
1870 2251 2339 2310 Scripturamadiuvet
2389 2293 2392 2295 .

190 2331 462 2375 reiiciendam
490 2345 599 2381 esse,
639 2335 824 2386 apparet.
881 2328 1019 2370 Etiam
1049 2332 1098 2369 at
1126 2325 1324 2368 offendit:
1364 2331 1407 2367 et
1436 2324 1651 2380 displicuit
1677 2324 1870 2380 Heynio‚
1908 2320 2152 2372 Huschkio,
2187 2321 2337 2364 Disse-

188 2402 274 2443 nio.
323 2399 435 2440 Nam
464 2399 499 2438 si
524 2396 651 2439 Delia
681 2397 825 2439 omnia
852 2401 990 2446 curet,
1027 2401 1205 2437 cunctos
1235 2400 1370 2450 regat,
1411 2394 1623 2449 sequitur,
1659 2398 1706 2434 ut
1735 2389 2068 2433 Tibullusvelit
2090 2395 2180 2431 tota
2205 2387 2336 2430 domo

187 2465 294 2510 nihil
323 2479 426 2507 esse.
459 2464 608 2520 Itaque
635 2469 699 2516 et,
727 2477 818 2506 non
848 2469 897 2505 at
921 2463 1166 2518 requiritur.
1196 2462 1346 2503 Potest
1366 2467 1528 2510 tamen,
1556 2460 1601 2502 ni
1621 2459 1766 2509 fallor,
1794 2465 1843 2500 at
1869 2457 2064 2508 defendi,
2093 2456 2196 2511 quin
2224 2453 2336 2498 ordo

191 2533 424 2578 verborum
453 2532 681 2574 mutandus
711 2533 764 2574 sit
792 2530 931 2584 (conf.
951 2530 1120 2572 Dissen.
1143 2527 1196 2570 ad
1218 2528 1256 2570 h.
1278 2527 1346 2581 1.).
1403 2528 1572 2570 Etenim
1601 2528 1645 2569 in
1673 2532 1861 2581 utroque
1901 2538 2031 2567 versu
2064 2523 2335 2579 pronomina,

191 2603 236 2645 in
270 2601 402 2644 altero
440 2600 539 2651 illa,
576 2601 621 2641 in
651 2598 787 2641 altero
816 2612 886 2640 me
913 2598 1068 2654 primas
1096 2602 1237 2652 partes
1268 2600 1434 2645 tenent}
1476 2608 1586 2650 quae
1614 2594 1679 2635 his
1709 2599 1805 2649 apta
1834 2599 1951 2643 sunt,
1988 2590 2219 2648 praedicati
2241 2590 2336 2631 vice

192 2669 439 2725 funguntur.
495 2665 867 2723 Quemadmodum
895 2678 1000 2707 vero
1029 2664 1282 2720 pronomina
1310 2664 1420 2704 inter
1446 2675 1492 2704 se
1518 2662 1714 2717 opposita
1741 2666 1857 2711 sunt,
1887 2661 1947 2702 sic
1976 2659 2100 2701 etiam
2131 2671 2199 2708 ea,
2227 2668 2337 2712 quae

195 2736 249 2780 de
277 2737 341 2778 his
370 2734 690 2792 praedicantur,
719 2739 899 2790 possunt
920 2733 1101 2789 opponi,
1131 2732 1187 2773 ita
1216 2737 1265 2773 ut
1289 2729 1394 2771 nihil
1422 2728 1641 2785 impediat,
1670 2729 1898 2785 quominus
1920 2724 2126 2783 particula
2148 2730 2198 2767 at
2214 2716 2336 2766 initio

194 2818 341 2847 versus
380 2802 526 2858 elegici
558 2801 806 2844 collocetur.
862 2799 1111 2842 Verborum
1147 2805 1285 2840 autem
1322 2797 1549 2840 collocatio
1590 2796 1716 2852 digna
1753 2802 1835 2847 est,
1873 2795 1923 2836 in·
1955 2808 2081 2849 quam
2115 2792 2336 2843 intuearis,

196 2878 244 2914 ut
271 2884 523 2927 cognoscas,
561 2875 718 2925 quanta
748 2869 832 2911 sint
866 2867 1081 2923 diligentia
1113 2867 1252 2908 omnia
1279 2863 1510 2907 verborum
1538 2863 1731 2920 pondera
1762 2863 2000 2905 examinata.
2058 2859 2169 2902 Illud
2197 2864 2335 2900 autem

194 2940 264 2981 vix
285 2952 394 2995 opus
420 2944 501 2991 est,
531 2951 727 2990 monere,
758 2949 828 2979 me
846 2934 954 2979 nihil
974 2933 1172 2991 copulata
1203 2947 1315 2987 esse,
1341 2933 1460 2976 iuvet
1485 2930 1680 2974 absolute
1708 2931 1907 2988 positum.
1930 2953 1982 2961 —
2015 2941 2055 2971 v.
2071 2927 2139 2970 32.
2168 2923 2333 2969 Husch-
