2462 3112
255 517 374 577 Eleg.
398 517 500 560 Vll.
522 532 560 559 ν.
590 516 627 558 1.
688 514 806 558 hunc
843 516 1044 558 cecinere
1071 513 1186 558 diem
1213 541 1266 548 —
1296 515 1415 559 hunc
1434 513 1563 569 sore.
1622 514 1822 570 Heynius
1853 519 1901 556 ut
1930 512 2142 569 vulgatam
2172 514 2355 567 scriptu-

173 600 263 630 ram
292 585 348 629 ab
381 587 497 629 omni
527 585 773 641 suspicione
805 581 1090 634 defenderet,
1121 583 1352 626 Parcarum
1383 587 1441 626 ait
1471 583 1555 625 hoc
1587 596 1681 624 esse
1712 582 1957 624 vaticinium
1988 580 2179 636 ideoque
2210 594 2352 621 assur-

173 669 274 712 gere
304 656 560 697 orationem.
606 652 731 693 Hanc
755 651 966 692 rationem
990 657 1163 694 secutus
1194 650 1440 694 Huschkius
1468 650 1599 693 effert
1627 648 1858 691 locutionis
1888 647 2127 698 audaciam,
2159 662 2242 704 qua
2266 647 2354 690 diei

172 721 304 766 natali
340 737 409 766 res
433 728 576 778 gestae
603 719 785 762 hominis
812 733 866 761 eo
891 718 962 762 die
983 720 1072 760 nati
1095 716 1360 769 tribuantur,
1392 732 1573 774 eamque
1598 716 1780 759 aliorum
1804 723 2027 772 poetarum
2051 714 2158 757 locis
2182 716 2351 757 munire

169 797 376 834 conatur:
413 804 599 847 quorum
630 788 827 831 locorum
857 793 996 829 tamen
1026 785 1171 829 nullus
1203 794 1292 837 est,
1321 801 1409 843 quo
1437 786 1508 836 id,
1539 784 1659 842 quod
1689 787 1781 840 ipse
1811 783 1930 834 vult,
1964 782 2188 825 efficiatur.
2234 784 2348 839 Ego,

172 860 253 901 nisi
277 857 489 900 Messalae
519 856 651 908 idem,
683 855 802 913 quod
824 853 1106 904 Timoleonti,
1135 856 1334 910 contigit,
1363 861 1410 896 ut
1439 855 1535 909 ipso
1566 852 1637 895 die
1668 850 1801 894 natali
1835 851 1979 893 hostes
2009 850 2227 902 funderet,
2260 864 2352 892 non

175 939 376 983 possum,
419 927 523 982 quin
555 926 700 981 inepte
730 923 921 966 locutum
952 929 1122 978 poetam
1153 921 1362 964 iudicem:
1393 936 1496 971 nec,
1527 923 1562 963 si
1592 922 1650 962 ita
1682 926 1810 969 esset,
1843 917 2086 961 dubitarem
2116 920 2353 975 scripturae

175 992 373 1050 vulgatae
413 995 702 1036 coniecturam
733 992 894 1048 Heynii
934 989 1021 1033 hoc
1060 991 1260 1033 cecinere
1290 989 1361 1032 die
1392 1015 1445 1023 --
1476 989 1564 1032 hoc
1589 987 1707 1042 sore
1743 987 1871 1044 longe
1909 994 2181 1043 anteponere.
2239 987 2353 1029 Nam

178 1075 259 1118 pro
289 1062 392 1103 actis
423 1063 604 1118 gestisve
634 1058 765 1102 rebus
797 1059 888 1102 dies
919 1057 988 1100 vel
1020 1073 1157 1101 annus
1188 1061 1292 1115 poni
1322 1061 1501 1115 nequit,
1540 1060 1623 1100 nisi
1652 1059 1715 1108 is,
1756 1071 1845 1112 quo
1884 1057 1980 1113 ipso
2019 1055 2100 1098 hae
2130 1070 2198 1098 res
2232 1063 2353 1098 actae

177 1135 375 1185 gestaeve
414 1135 540 1171 sunt:
582 1127 637 1170 de
675 1142 758 1183 qua
802 1141 848 1169 re
889 1126 1002 1168 conf.
1031 1127 1215 1169 Beuich.
1248 1128 1350 1169 Lex.
1382 1128 1518 1169 Tacit.
1549 1125 1713 1183 proleg.
1744 1140 1785 1182 p.
1816 1125 1883 1166 99.
1943 1125 2237 1166 Veruntamen
2275 1126 2356 1166 etsi

177 1210 386 1253 nusquam
416 1195 595 1238 relatum
627 1195 827 1251 legimus,
858 1194 1086 1237 Messalam
1118 1196 1212 1250 ipso
1239 1194 1308 1236 die
1339 1193 1472 1236 natali
1501 1195 1722 1236 victoriam
1755 1206 1805 1234 ex
1831 1193 2056 1248 Aquitanis
2086 1199 2353 1248 reportasse,

176 1272 315 1308 tamen
340 1279 430 1307 non
459 1271 545 1316 est,
576 1279 653 1306 cur
677 1264 802 1306 huius
829 1263 913 1306 loci
938 1264 1182 1306 testimonio
1202 1261 1311 1305 fides
1332 1262 1600 1305 detrahatur:
1632 1276 1729 1304 nam
1754 1262 1789 1303 si
1814 1275 1902 1303 uno
1930 1261 1999 1303 die
2024 1267 2113 1303 tota
2130 1263 2356 1318 provincia

175 1339 327 1390 pacata
348 1346 436 1375 non
455 1340 539 1384 est,
571 1332 675 1389 quid
692 1332 904 1389 impediit,
929 1345 1016 1388 quo
1038 1332 1177 1373 minus
1199 1345 1288 1373 uno
1313 1330 1383 1372 die
1407 1345 1584 1386 unoque
1605 1329 1773 1386 proelio
1796 1343 1957 1371 summa
1982 1343 2125 1371 rerum
2148 1332 2356 1386 transige-

175 1404 321 1451 retur?
349 1402 486 1444 Recte
510 1403 641 1458 igitur
658 1401 884 1443 Disscnius
908 1415 995 1442 rem
1022 1402 1079 1442 ita
1111 1399 1209 1441 milii
1235 1398 1408 1441 videtur
1435 1398 1680 1455 expedisse,
1710 1405 1757 1440 ut
1774 1397 2004 1440 Messalam
2027 1396 2192 1440 diceret
2222 1397 2353 1440 natali

179 1468 352 1526 quidem
384 1469 453 1512 die
491 1471 697 1512 acerrimo
739 1468 906 1525 proelio
944 1467 996 1510 ad
1028 1470 1203 1510 Atacem
1246 1469 1426 1510 vicisse:
1465 1467 1739 1523 postmodum
1778 1481 1886 1509 vero
1922 1466 2112 1523 singulos
2151 1466 2356 1523 deinceps

180 1551 423 1594 aggressum
449 1538 706 1594 Aquitaniae
738 1535 928 1593 populos
959 1535 1210 1581 debellasse.
1251 1535 1369 1591 ‘Cum
1400 1537 1468 1587 iis,
1500 1550 1611 1591 quae
1635 1543 1894 1591 sequuntur,
1923 1537 2067 1577 victus
2091 1535 2224 1578 Atax
2255 1549 2358 1578 con-

178 1605 292 1648 feras
317 1605 415 1648 licet
442 1606 590 1647 Horat.
617 1605 667 1648 C.
686 1604 736 1646 Il.
762 1605 809 1656 9,
834 1604 923 1645 22:
955 1603 1222 1660 Medumque
1246 1603 1404 1646 flumen
1430 1603 1627 1660 gentibus
1653 1603 1845 1646 additum
1871 1606 2005 1646 victis.
2026 1629 2076 1637 —
2103 1619 2142 1645 v.
2166 1604 2204 1646 9.
2242 1602 2358 1646 Non

178 1674 275 1716 sine
307 1688 376 1715 me
406 1679 475 1716 est
505 1672 582 1715 tibi
608 1679 770 1730 partus
800 1671 959 1714 honos.
1013 1672 1150 1714 Poeta
1182 1686 1228 1714 se
1259 1686 1436 1729 quoque
1463 1672 1527 1714 his
1557 1670 1690 1714 rebus
1716 1670 1960 1713 interfuisse
1985 1673 2051 1713 ait.
2091 1670 2251 1713 Video.
2293 1672 2358 1713 Ac

181 1742 217 1784 si
240 1743 335 1798 quis
361 1741 514 1784 dixerit
539 1755 631 1783 non
654 1743 750 1783 sine
775 1755 844 1782 me
875 1742 1084 1798 ηαυὶςαε,
1114 1743 1200 1782 iter
1213 1739 1364 1793 facis,
1394 1741 1519 1791 vivis,
1551 1742 1597 1782 in
1621 1746 1725 1783 toro
1749 1741 1888 1790 iaces,
1921 1739 2095 1795 planum
2120 1741 2217 1789 erit,
2252 1738 2358 1795 quid

183 1808 307 1851 dicat.
351 1817 393 1851 at
422 1807 556 1851 verba
589 1823 682 1851 non
711 1811 806 1850 sine
839 1824 907 1850 me
940 1815 1008 1850 est
1039 1808 1116 1851 tibi
1151 1807 1299 1851 honos
1327 1815 1489 1866 partus
1519 1810 1643 1849 etiam
1679 1809 1737 1849 ita
1774 1808 1909 1863 accipi
1938 1814 2144 1863 possunt,
2184 1814 2231 1849 ut
2262 1808 2360 1862 quis

185 1875 330 1918 dicere
361 1870 578 1926 videatur,
608 1891 692 1918 sua
724 1890 826 1933 ope,
852 1874 1100 1932 praesidio,
1132 1876 1318 1919 consilio
1346 1876 1502 1918 factum
1526 1889 1642 1926 esse,
1673 1882 1721 1917 ut
1744 1874 1852 1917 alter
1872 1875 2048 1931 gloriam
2073 1877 2162 1917 sive
2187 1875 2360 1917 laudem

185 1943 365 1986 alicuius
405 1946 468 1986 rei
507 1943 691 2000 adeptus
731 1946 784 1986 sit
824 1943 965 1996 (conf.
996 1945 1116 1986 Bosii
1154 1951 1299 1985 annot.
1337 1943 1392 1986 ad
1425 1942 1601 1986 Cornel.
1633 1944 1793 1999 Nepot.
1824 1959 1862 1985 V.
1894 1943 2106 2000 Thrasyb.
2140 1944 2208 1996 1.).
2270 1942 2361 1985 Sed

186 2019 291 2055 esto.
323 2011 608 2055 verecundius
635 2018 749 2053 certe
769 2012 995 2062 Horatius,
1026 2013 1101 2067 qui
1117 2011 1258 2067 Epod.
1278 2010 1309 2052 Ι.
1330 2012 1366 2052 1.
1390 2011 1462 2052 16:
1494 2025 1664 2064 comes,
1695 2013 1851 2068 inquit,
1882 2015 2048 2055 minore
2073 2027 2165 2054 sum
2190 2012 2360 2054 futurus

185 2082 230 2122 in
265 2088 393 2124 metu.
426 2105 479 2111 —
510 2096 548 2122 v,
584 2081 647 2122 12.
709 2079 893 2122 caerula
933 2079 1113 2136 lympha
1144 2080 1294 2138 Liger.
1352 2081 1439 2122 Pro
1470 2080 1655 2123 caerula
1688 2080 1911 2137 Gruppius
1942 2083 2116 2123 coniicit
2146 2080 2360 2139 garrula,

185 2148 306 2204 quod
332 2150 481 2191 tacitis
505 2154 763 2205 opponatur.
803 2147 925 2190 Belle
950 2151 1058 2190 istuc
1081 2144 1269 2204 quidem.
1298 2163 1446 2190 verum
1471 2149 1690 2207 garrulus
1715 2148 1927 2200 fontibus,
1959 2149 2078 2205 quod
2107 2164 2187 2206 ego
2211 2151 2361 2200 sciam,

187 2224 230 2260 et
254 2219 355 2260 rivis
379 2219 544 2274 potius,
571 2232 696 2275 quam
719 2216 915 2260 amnibus
939 2216 1156 2259 tribuitur.
1186 2216 1312 2258 Adde
1337 2216 1456 2273 quod
1477 2218 1639 2273 Ligeris
1664 2217 1781 2259 unda
1801 2217 1978 2260 Lucano
2004 2217 2176 2270 (Phars.
2196 2217 2225 2259 l.
2245 2217 2362 2270 439.)

184 2283 366 2341 placida
397 2292 586 2327 vocatur.
619 2310 672 2318 —
712 2301 749 2327 v.
782 2286 848 2327 13.
909 2286 989 2327 An
1030 2291 1074 2327 te
1107 2282 1259 2339 Cydne
1298 2299 1458 2327 canam
1495 2288 1643 2328 tacitis
1673 2287 1748 2343 qui
1777 2285 1938 2328 leniter
1969 2284 2100 2328 undis
2130 2285 2365 2328 caeruleus

185 2351 377 2410 placidis
404 2367 487 2410 per
518 2351 636 2395 vada
665 2355 807 2411 serpis
833 2356 973 2411 aquis.
1012 2352 1074 2394 Ita
1101 2352 1400 2395 Lachinannus
1431 2360 1472 2395 et
1494 2346 1722 2395 Dissenius
1754 2352 1972 2395 dederunt
2002 2368 2051 2395 ex
2079 2352 2212 2395 libris.
2253 2352 2364 2394 Vul-

187 2428 282 2476 gata
311 2420 530 2464 caeruleis
558 2419 765 2478 placidus
791 2428 854 2464 est
879 2421 934 2464 de
959 2422 1209 2463 coniectura
1230 2421 1364 2463 Statii.
1411 2421 1611 2478 Heynius
1634 2424 1677 2464 in
1702 2429 1911 2465 annotatt.
1938 2429 2082 2465 tuetur
2111 2423 2364 2477 scripturam

188 2487 443 2531 caeruleus:
473 2489 638 2544 quippe
664 2489 708 2530 in
740 2488 909 2531 delectu
941 2491 1052 2530 enim
1084 2487 1408 2540 attributorum,
1441 2488 1598 2545 quibus
1622 2492 1793 2531 nomina
1822 2489 2053 2532 fluviorum
2084 2496 2363 2539 ornarentur,

189 2554 298 2598 alios
335 2569 513 2612 quoque
544 2564 695 2612 poetas
725 2558 865 2599 minus
900 2556 1031 2599 fuisse
1071 2556 1310 2613 diligentes.
1369 2556 1583 2613 Equidem
1620 2557 1884 2613 persuadere
1915 2558 2012 2599 mihi
2051 2572 2140 2600 non
2170 2572 2367 2614 possum,

190 2629 343 2678 poetas
368 2622 520 2665 doctos
545 2623 716 2679 quidem
742 2631 784 2666 et
806 2623 965 2680 politos
990 2626 1033 2666 in
1059 2624 1271 2667 electione
1294 2625 1578 2680 epithetorum
1603 2633 1686 2667 tam
1712 2625 1895 2668 licenter
1918 2634 1960 2667 ct
1983 2640 2186 2681 perverse
2210 2628 2365 2682 egisse,

192 2696 241 2731 ut
269 2703 358 2745 quo
388 2689 570 2734 artificio
602 2694 686 2733 vim
718 2698 761 2734 et
790 2698 985 2734 naturam
1014 2695 1079 2734 rci
1107 2693 1286 2734 alicuius
1314 2691 1564 2735 illustratam
1589 2693 1774 2743 vellent,
1803 2693 1887 2736 hoc
1916 2696 2011 2749 ipso
2040 2708 2130 2734 eam
2162 2693 2368 2736 obscura-

193 2763 299 2800 rent.
344 2757 481 2814 Quod
509 2761 546 2801 si
565 2759 779 2803 interdum
802 2762 878 2802 uni
903 2759 1087 2813 flumini,
1117 2768 1165 2804 ut
1182 2760 1353 2803 Ladoni
1376 2760 1493 2818 apud
1515 2760 1747 2812 Ovidium,
1777 2761 2091 2812 attribuuntur,
2120 2776 2231 2817 quae
2257 2764 2370 2804 inter

192 2839 240 2868 se
279 2828 496 2869 contraria
532 2834 660 2881 sunt,
705 2842 797 2871 non
833 2828 1099 2886 increpanda
1137 2830 1346 2873 continuo
1392 2837 1457 2872 est
1492 2837 1717 2887 poetarum
1751 2832 2035 2873 inconstantia
2078 2836 2151 2872 aut
2188 2829 2371 2873 licentia.

192 2893 299 2950 Ipsa
332 2896 443 2936 enim
483 2902 636 2938 natura
675 2896 898 2940 fluminum
936 2900 1053 2940 varia
1087 2905 1152 2942 est
1189 2905 1233 2942 et
1271 2898 1489 2941 mutabilis
1529 2913 1766 2954 eorumque
1806 2913 1956 2940 cursus
1986 2896 2118 2940 modo
2156 2897 2372 2954 placidior

192 2961 324 3006 modo
366 2962 586 3020 rapidior:
625 2963 680 3007 ad
723 2979 851 3022 quam
886 2968 1137 3010 varietatem
1176 2967 1404 3024 plurimum
1435 2966 1579 3010 valent
1611 2969 1714 3010 anni
1743 2973 1938 3024 tempora
1962 3000 1972 3019 ,
2012 2967 2119 3010 alvei
2158 2969 2294 3024 spatia
2331 2973 2375 3011 et

1821 3045 1847 3087 l
