<?xml version="1.0" encoding="UTF-8"?>
<!DOCTYPE html PUBLIC "-//W3C//DTD XHTML 1.0 Transitional//EN"
    "http://www.w3.org/TR/xhtml1/DTD/xhtml1-transitional.dtd">
<html xmlns="http://www.w3.org/1999/xhtml" xml:lang="en" lang="en">
 <head>
  <title>
</title>
<meta http-equiv="Content-Type" content="text/html;charset=utf-8" />
  <meta name='ocr-system' content='tesseract 3.04.00' />
  <meta name='ocr-capabilities' content='ocr_page ocr_carea ocr_par ocr_line ocrx_word'/>
</head>
<body>
  <div class='ocr_page' id='page_1' title='image "annotationesadti00rigluoft_0031.png"; bbox 0 0 2462 3112; ppageno 0'>
   <div class='ocr_carea' id='block_1_1' title="bbox 1120 64 1290 117">
    <p class='ocr_par' dir='ltr' id='par_1_1' title="bbox 1120 64 1290 117">
     <span class='ocr_line' id='line_1_1' title="bbox 1120 64 1290 117; baseline 0 0"><span class='ocrx_word' id='word_1_1' title='bbox 1120 64 1290 117; x_wconf 75' lang='lat' dir='ltr'>xxvn</span> 
     </span>
    </p>
   </div>
   <div class='ocr_carea' id='block_1_2' title="bbox 103 182 2311 2993">
    <p class='ocr_par' dir='ltr' id='par_1_2' title="bbox 117 182 2299 1209">
     <span class='ocr_line' id='line_1_2' title="bbox 121 182 2294 259; baseline -0.003 -13"><span class='ocrx_word' id='word_1_2' title='bbox 121 204 318 259; x_wconf 50' lang='lat' dir='ltr'>*etue</span> <span class='ocrx_word' id='word_1_3' title='bbox 336 182 560 245; x_wconf 61' lang='lat' dir='ltr'>l‘ot-iasse</span> <span class='ocrx_word' id='word_1_4' title='bbox 592 197 802 254; x_wconf 71' lang='lat' dir='ltr'>scriptum</span> <span class='ocrx_word' id='word_1_5' title='bbox 829 199 940 240; x_wconf 83' lang='lat' dir='ltr'>erat:</span> <span class='ocrx_word' id='word_1_6' title='bbox 987 194 1105 250; x_wconf 79' lang='lat' dir='ltr'>Quid</span> <span class='ocrx_word' id='word_1_7' title='bbox 1132 194 1217 239; x_wconf 82' lang='lat' dir='ltr'>tibi.</span> <span class='ocrx_word' id='word_1_8' title='bbox 1236 196 1450 239; x_wconf 75' lang='lat' dir='ltr'>saevitiae</span> <span class='ocrx_word' id='word_1_9' title='bbox 1479 200 1548 238; x_wconf 75' lang='lat' dir='ltr'>est</span> <span class='ocrx_word' id='word_1_10' title='bbox 1583 195 1630 238; x_wconf 80' lang='lat' dir='ltr'>in</span> <span class='ocrx_word' id='word_1_11' title='bbox 1661 197 1763 237; x_wconf 79' lang='lat' dir='ltr'>me?</span> <span class='ocrx_word' id='word_1_12' title='bbox 1797 209 1905 237; x_wconf 82' lang='lat' dir='ltr'>num</span> <span class='ocrx_word' id='word_1_13' title='bbox 1938 194 2099 253; x_wconf 81' lang='lat' dir='ltr'>gloria·</span> <span class='ocrx_word' id='word_1_14' title='bbox 2123 210 2294 254; x_wconf 77' lang='lat' dir='ltr'>magna</span> 
     </span>
     <span class='ocr_line' id='line_1_3' title="bbox 119 262 2295 324; baseline -0.002 -11"><span class='ocrx_word' id='word_1_15' title='bbox 119 273 318 316; x_wconf 51' lang='lat' dir='ltr'>asceta}</span> <span class='ocrx_word' id='word_1_16' title='bbox 358 270 415 312; x_wconf 70' lang='lat' dir='ltr'>in.</span> <span class='ocrx_word' id='word_1_17' title='bbox 433 267 644 324; x_wconf 75' lang='lat' dir='ltr'>sequente</span> <span class='ocrx_word' id='word_1_18' title='bbox 671 267 716 308; x_wconf 77' lang='lat' dir='ltr'>in</span> <span class='ocrx_word' id='word_1_19' title='bbox 743 264 872 308; x_wconf 88' lang='lat' dir='ltr'>facile</span> <span class='ocrx_word' id='word_1_20' title='bbox 897 266 1041 322; x_wconf 90' lang='lat' dir='ltr'>potuit</span> <span class='ocrx_word' id='word_1_21' title='bbox 1069 264 1345 316; x_wconf 81' lang='lat' dir='ltr'><strong>intercidere,</strong></span> <span class='ocrx_word' id='word_1_22' title='bbox 1378 278 1486 306; x_wconf 84' lang='lat' dir='ltr'>num</span> <span class='ocrx_word' id='word_1_23' title='bbox 1513 269 1657 306; x_wconf 90' lang='lat' dir='ltr'>autem</span> <span class='ocrx_word' id='word_1_24' title='bbox 1687 269 1731 306; x_wconf 90' lang='lat' dir='ltr'>et</span> <span class='ocrx_word' id='word_1_25' title='bbox 1760 278 1860 307; x_wconf 83' lang='lat' dir='ltr'>cum</span> <span class='ocrx_word' id='word_1_26' title='bbox 1890 262 2053 307; x_wconf 86' lang='lat' dir='ltr'>temere</span> <span class='ocrx_word' id='word_1_27' title='bbox 2083 265 2295 319; x_wconf 82' lang='lat' dir='ltr'>confusis,</span> 
     </span>
     <span class='ocr_line' id='line_1_4' title="bbox 120 330 2296 390; baseline -0.003 -8"><span class='ocrx_word' id='word_1_28' title='bbox 120 337 411 388; x_wconf 56' lang='lat' dir='ltr'>fictu-vedu</span> <span class='ocrx_word' id='word_1_29' title='bbox 432 338 484 379; x_wconf 76' lang='lat' dir='ltr'>ut·</span> <span class='ocrx_word' id='word_1_30' title='bbox 508 344 572 378; x_wconf 76' lang='lat' dir='ltr'>an</span> <span class='ocrx_word' id='word_1_31' title='bbox 601 330 853 385; x_wconf 74' lang='lat' dir='ltr'>adderetur,</span> <span class='ocrx_word' id='word_1_32' title='bbox 894 331 1015 390; x_wconf 90' lang='lat' dir='ltr'>quod</span> <span class='ocrx_word' id='word_1_33' title='bbox 1043 333 1372 390; x_wconf 80' lang='lat' dir='ltr'><strong>interrogationi</strong></span> <span class='ocrx_word' id='word_1_34' title='bbox 1402 334 1593 375; x_wconf 84' lang='lat' dir='ltr'><strong>serviret.</strong></span> <span class='ocrx_word' id='word_1_35' title='bbox 1633 357 1687 366; x_wconf 89' lang='lat'><strong>—</strong></span> <span class='ocrx_word' id='word_1_36' title='bbox 1745 347 1786 373; x_wconf 87' lang='lat' dir='ltr'>v.</span> <span class='ocrx_word' id='word_1_37' title='bbox 1815 333 1853 374; x_wconf 88' lang='lat'>5.</span> <span class='ocrx_word' id='word_1_38' title='bbox 1911 331 2036 375; x_wconf 83' lang='lat' dir='ltr'>Nam</span> <span class='ocrx_word' id='word_1_39' title='bbox 2065 332 2170 375; x_wconf 82' lang='lat' dir='ltr'>mihi</span> <span class='ocrx_word' id='word_1_40' title='bbox 2199 336 2296 376; x_wconf 77' lang='lat' dir='ltr'>ten-</span> 
     </span>
     <span class='ocr_line' id='line_1_5' title="bbox 120 398 2296 459; baseline -0.002 -9"><span class='ocrx_word' id='word_1_41' title='bbox 120 405 298 458; x_wconf 52' lang='lat' dir='ltr'>duntur*</span> <span class='ocrx_word' id='word_1_42' title='bbox 320 418 484 449; x_wconf 71' lang='lat' dir='ltr'>casses.</span> <span class='ocrx_word' id='word_1_43' title='bbox 519 402 792 459; x_wconf 79' lang='lat' dir='ltr'><strong>Quamquam</strong></span> <span class='ocrx_word' id='word_1_44' title='bbox 815 402 885 444; x_wconf 78' lang='lat' dir='ltr'>his</span> <span class='ocrx_word' id='word_1_45' title='bbox 901 400 1065 454; x_wconf 87' lang='lat' dir='ltr'>verbis,</span> <span class='ocrx_word' id='word_1_46' title='bbox 1095 407 1143 443; x_wconf 92' lang='lat' dir='ltr'>ut</span> <span class='ocrx_word' id='word_1_47' title='bbox 1163 398 1459 444; x_wconf 77' lang='lat' dir='ltr'>animadvertit</span> <span class='ocrx_word' id='word_1_48' title='bbox 1478 400 1724 452; x_wconf 82' lang='lat' dir='ltr'>Dissenius‚</span> <span class='ocrx_word' id='word_1_49' title='bbox 1750 399 1983 452; x_wconf 88' lang='lat' dir='ltr'>indicatur,</span> <span class='ocrx_word' id='word_1_50' title='bbox 2015 400 2296 457; x_wconf 87' lang='lat' dir='ltr'>quamobrem</span> 
     </span>
     <span class='ocr_line' id='line_1_6' title="bbox 119 466 2295 526; baseline -0.002 -9"><span class='ocrx_word' id='word_1_51' title='bbox 119 471 328 517; x_wconf 69' lang='lat' dir='ltr'>ffllns</span> <span class='ocrx_word' id='word_1_52' title='bbox 361 485 458 514; x_wconf 90' lang='lat' dir='ltr'>cum</span> <span class='ocrx_word' id='word_1_53' title='bbox 485 466 648 513; x_wconf 83' lang='lat' dir='ltr'>Amore</span> <span class='ocrx_word' id='word_1_54' title='bbox 686 469 948 526; x_wconf 87' lang='lat' dir='ltr'>expostulet,</span> <span class='ocrx_word' id='word_1_55' title='bbox 987 476 1128 512; x_wconf 90' lang='lat' dir='ltr'>tamen</span> <span class='ocrx_word' id='word_1_56' title='bbox 1167 468 1378 526; x_wconf 87' lang='lat' dir='ltr'>particula</span> <span class='ocrx_word' id='word_1_57' title='bbox 1414 468 1617 511; x_wconf 90' lang='lat' dir='ltr'>caussalis</span> <span class='ocrx_word' id='word_1_58' title='bbox 1653 482 1744 510; x_wconf 91' lang='lat' dir='ltr'>non</span> <span class='ocrx_word' id='word_1_59' title='bbox 1782 482 1962 510; x_wconf 88' lang='lat' dir='ltr'>necesse</span> <span class='ocrx_word' id='word_1_60' title='bbox 2001 476 2062 511; x_wconf 91' lang='lat' dir='ltr'>est</span> <span class='ocrx_word' id='word_1_61' title='bbox 2095 475 2295 525; x_wconf 89' lang='lat' dir='ltr'>ponatur.</span> 
     </span>
     <span class='ocr_line' id='line_1_7' title="bbox 117 526 2295 597; baseline -0.002 -11"><span class='ocrx_word' id='word_1_62' title='bbox 117 526 543 597; x_wconf 62' lang='lat' dir='ltr'>Etnnixn,.·pedestris.</span> <span class='ocrx_word' id='word_1_63' title='bbox 564 540 773 582; x_wconf 88' lang='lat' dir='ltr'>sermonis</span> <span class='ocrx_word' id='word_1_64' title='bbox 803 537 1016 580; x_wconf 79' lang='lat' dir='ltr'>subtilitas</span> <span class='ocrx_word' id='word_1_65' title='bbox 1045 537 1263 594; x_wconf 84' lang='lat' dir='ltr'>particulis</span> <span class='ocrx_word' id='word_1_66' title='bbox 1293 536 1409 580; x_wconf 89' lang='lat' dir='ltr'>solet</span> <span class='ocrx_word' id='word_1_67' title='bbox 1441 536 1642 588; x_wconf 86' lang='lat' dir='ltr'>definire,</span> <span class='ocrx_word' id='word_1_68' title='bbox 1672 536 2032 592; x_wconf 83' lang='lat' dir='ltr'><strong>quemadmodum</strong></span> <span class='ocrx_word' id='word_1_69' title='bbox 2058 539 2295 582; x_wconf 90' lang='lat' dir='ltr'>sententiae</span> 
     </span>
     <span class='ocr_line' id='line_1_8' title="bbox 120 605 2297 663; baseline -0.001 -11"><span class='ocrx_word' id='word_1_70' title='bbox 120 606 420 657; x_wconf 54' lang='lat' dir='ltr'>nli-:exalia</span> <span class='ocrx_word' id='word_1_71' title='bbox 456 612 582 663; x_wconf 83' lang='lat' dir='ltr'>aptae</span> <span class='ocrx_word' id='word_1_72' title='bbox 617 613 749 662; x_wconf 89' lang='lat' dir='ltr'>atque</span> <span class='ocrx_word' id='word_1_73' title='bbox 784 620 1005 648; x_wconf 86' lang='lat' dir='ltr'>connexae</span> <span class='ocrx_word' id='word_1_74' title='bbox 1042 608 1147 648; x_wconf 83' lang='lat' dir='ltr'>sint:</span> <span class='ocrx_word' id='word_1_75' title='bbox 1185 613 1228 648; x_wconf 86' lang='lat' dir='ltr'>at</span> <span class='ocrx_word' id='word_1_76' title='bbox 1255 607 1452 662; x_wconf 87' lang='lat' dir='ltr'>poeticae</span> <span class='ocrx_word' id='word_1_77' title='bbox 1488 606 1693 648; x_wconf 87' lang='lat' dir='ltr'>orationis</span> <span class='ocrx_word' id='word_1_78' title='bbox 1731 607 1855 661; x_wconf 82' lang='lat' dir='ltr'>vigor</span> <span class='ocrx_word' id='word_1_79' title='bbox 1890 606 2000 647; x_wconf 87' lang='lat' dir='ltr'>hanc</span> <span class='ocrx_word' id='word_1_80' title='bbox 2037 605 2297 662; x_wconf 82' lang='lat' dir='ltr'>diligentiam</span> 
     </span>
     <span class='ocr_line' id='line_1_9' title="bbox 119 672 2297 734; baseline -0.001 -13"><span class='ocrx_word' id='word_1_81' title='bbox 119 678 292 734; x_wconf 66' lang='lat' dir='ltr'>spernit·</span> <span class='ocrx_word' id='word_1_82' title='bbox 325 690 379 719; x_wconf 82' lang='lat' dir='ltr'>ae</span> <span class='ocrx_word' id='word_1_83' title='bbox 410 675 723 719; x_wconf 81' lang='lat' dir='ltr'>cohaerentiam</span> <span class='ocrx_word' id='word_1_84' title='bbox 753 678 1055 718; x_wconf 89' lang='lat' dir='ltr'>sententiarum</span> <span class='ocrx_word' id='word_1_85' title='bbox 1088 674 1274 718; x_wconf 90' lang='lat' dir='ltr'>occultat</span> <span class='ocrx_word' id='word_1_86' title='bbox 1303 677 1469 731; x_wconf 92' lang='lat' dir='ltr'>potius,</span> <span class='ocrx_word' id='word_1_87' title='bbox 1509 688 1636 730; x_wconf 88' lang='lat' dir='ltr'>quam</span> <span class='ocrx_word' id='word_1_88' title='bbox 1667 679 1864 716; x_wconf 85' lang='lat' dir='ltr'>ostentat.</span> <span class='ocrx_word' id='word_1_89' title='bbox 1923 672 2056 716; x_wconf 87' lang='lat' dir='ltr'>Velut</span> <span class='ocrx_word' id='word_1_90' title='bbox 2084 673 2297 718; x_wconf 62' lang='lat' dir='ltr'>hoc&#39;loco</span> 
     </span>
     <span class='ocr_line' id='line_1_10' title="bbox 121 741 2298 802; baseline -0.002 -13"><span class='ocrx_word' id='word_1_91' title='bbox 121 744 267 789; x_wconf 74' lang='lat' dir='ltr'>verbis</span> <span class='ocrx_word' id='word_1_92' title='bbox 295 743 658 802; x_wconf 77' lang='lat' dir='ltr'>subsequentibus</span> <span class='ocrx_word' id='word_1_93' title='bbox 687 743 819 787; x_wconf 81' lang='lat' dir='ltr'>Delia</span> <span class='ocrx_word' id='word_1_94' title='bbox 837 743 1009 798; x_wconf 82' lang='lat' dir='ltr'>furtim</span> <span class='ocrx_word' id='word_1_95' title='bbox 1027 742 1169 797; x_wconf 81' lang='lat' dir='ltr'>fovet</span> <span class='ocrx_word' id='word_1_96' title='bbox 1199 757 1349 786; x_wconf 85' lang='lat' dir='ltr'>caussa</span> <span class='ocrx_word' id='word_1_97' title='bbox 1378 745 1469 785; x_wconf 89' lang='lat' dir='ltr'>irae</span> <span class='ocrx_word' id='word_1_98' title='bbox 1503 749 1547 784; x_wconf 90' lang='lat' dir='ltr'>et</span> <span class='ocrx_word' id='word_1_99' title='bbox 1577 741 1740 784; x_wconf 83' lang='lat' dir='ltr'>doloris</span> <span class='ocrx_word' id='word_1_100' title='bbox 1776 756 1866 785; x_wconf 90' lang='lat' dir='ltr'>non</span> <span class='ocrx_word' id='word_1_101' title='bbox 1902 744 2041 784; x_wconf 90' lang='lat' dir='ltr'>minus</span> <span class='ocrx_word' id='word_1_102' title='bbox 2078 743 2298 799; x_wconf 87' lang='lat' dir='ltr'>proditur,</span> 
     </span>
     <span class='ocr_line' id='line_1_11' title="bbox 122 809 2296 877; baseline -0.001 -20"><span class='ocrx_word' id='word_1_103' title='bbox 122 814 255 871; x_wconf 72' lang='lat' dir='ltr'>quani</span> <span class='ocrx_word' id='word_1_104' title='bbox 279 812 364 856; x_wconf 79' lang='lat' dir='ltr'>illis</span> <span class='ocrx_word' id='word_1_105' title='bbox 393 811 500 856; x_wconf 79' lang='lat' dir='ltr'>mihi</span> <span class='ocrx_word' id='word_1_106' title='bbox 530 826 680 856; x_wconf 73' lang='lat' dir='ltr'>casses</span> <span class='ocrx_word' id='word_1_107' title='bbox 710 809 978 855; x_wconf 82' lang='lat' dir='ltr'>tenduntur:</span> <span class='ocrx_word' id='word_1_108' title='bbox 1008 825 1091 854; x_wconf 90' lang='lat' dir='ltr'>nec</span> <span class='ocrx_word' id='word_1_109' title='bbox 1119 818 1262 854; x_wconf 88' lang='lat' dir='ltr'>tamen</span> <span class='ocrx_word' id='word_1_110' title='bbox 1294 825 1405 867; x_wconf 91' lang='lat' dir='ltr'>opus</span> <span class='ocrx_word' id='word_1_111' title='bbox 1437 817 1502 853; x_wconf 89' lang='lat' dir='ltr'>est</span> <span class='ocrx_word' id='word_1_112' title='bbox 1531 809 1742 866; x_wconf 89' lang='lat' dir='ltr'>particula</span> <span class='ocrx_word' id='word_1_113' title='bbox 1772 809 1965 877; x_wconf 87' lang='lat' dir='ltr'>caussali.</span> <span class='ocrx_word' id='word_1_114' title='bbox 2014 811 2091 853; x_wconf 90' lang='lat' dir='ltr'>Est</span> <span class='ocrx_word' id='word_1_115' title='bbox 2120 813 2296 856; x_wconf 88' lang='lat' dir='ltr'>omnino</span> 
     </span>
     <span class='ocr_line' id='line_1_12' title="bbox 122 878 2299 937; baseline -0.001 -12"><span class='ocrx_word' id='word_1_116' title='bbox 122 879 222 925; x_wconf 69' lang='lat' dir='ltr'>talis</span> <span class='ocrx_word' id='word_1_117' title='bbox 254 882 483 937; x_wconf 85' lang='lat' dir='ltr'>utriusque</span> <span class='ocrx_word' id='word_1_118' title='bbox 513 881 747 923; x_wconf 89' lang='lat' dir='ltr'>sententiae</span> <span class='ocrx_word' id='word_1_119' title='bbox 775 882 908 930; x_wconf 88' lang='lat' dir='ltr'>ratio,</span> <span class='ocrx_word' id='word_1_120' title='bbox 944 886 993 922; x_wconf 87' lang='lat' dir='ltr'>ut</span> <span class='ocrx_word' id='word_1_121' title='bbox 1022 879 1264 932; x_wconf 89' lang='lat' dir='ltr'>locutione,</span> <span class='ocrx_word' id='word_1_122' title='bbox 1302 893 1394 922; x_wconf 91' lang='lat' dir='ltr'>non</span> <span class='ocrx_word' id='word_1_123' title='bbox 1430 893 1478 921; x_wconf 91' lang='lat' dir='ltr'>re</span> <span class='ocrx_word' id='word_1_124' title='bbox 1519 878 1738 930; x_wconf 86' lang='lat' dir='ltr'>differant,</span> <span class='ocrx_word' id='word_1_125' title='bbox 1780 878 2074 935; x_wconf 88' lang='lat' dir='ltr'>quadecaussa</span> <span class='ocrx_word' id='word_1_126' title='bbox 2108 894 2199 923; x_wconf 91' lang='lat' dir='ltr'>non</span> <span class='ocrx_word' id='word_1_127' title='bbox 2234 882 2299 923; x_wconf 86' lang='lat' dir='ltr'>vi-</span> 
     </span>
     <span class='ocr_line' id='line_1_13' title="bbox 124 947 2298 1006; baseline -0 -13"><span class='ocrx_word' id='word_1_128' title='bbox 124 948 230 1002; x_wconf 78' lang='lat' dir='ltr'>deo,</span> <span class='ocrx_word' id='word_1_129' title='bbox 271 963 349 992; x_wconf 88' lang='lat' dir='ltr'>cur</span> <span class='ocrx_word' id='word_1_130' title='bbox 381 950 614 1006; x_wconf 89' lang='lat' dir='ltr'>repetitum</span> <span class='ocrx_word' id='word_1_131' title='bbox 651 950 741 991; x_wconf 80' lang='lat' dir='ltr'>iam</span> <span class='ocrx_word' id='word_1_132' title='bbox 764 953 995 1004; x_wconf 79' lang='lat' dir='ltr'>tantopere</span> <span class='ocrx_word' id='word_1_133' title='bbox 1028 947 1272 1004; x_wconf 86' lang='lat' dir='ltr'>displiceat:</span> <span class='ocrx_word' id='word_1_134' title='bbox 1312 949 1381 990; x_wconf 90' lang='lat' dir='ltr'>cui</span> <span class='ocrx_word' id='word_1_135' title='bbox 1408 949 1646 1004; x_wconf 88' lang='lat' dir='ltr'>scripturae</span> <span class='ocrx_word' id='word_1_136' title='bbox 1678 950 1906 1004; x_wconf 91' lang='lat' dir='ltr'>quominus</span> <span class='ocrx_word' id='word_1_137' title='bbox 1937 948 2192 1006; x_wconf 89' lang='lat' dir='ltr'>adstipuler‚</span> <span class='ocrx_word' id='word_1_138' title='bbox 2229 952 2298 992; x_wconf 81' lang='lat' dir='ltr'>vix</span> 
     </span>
     <span class='ocr_line' id='line_1_14' title="bbox 124 1014 2299 1075; baseline 0 -14"><span class='ocrx_word' id='word_1_139' title='bbox 124 1015 336 1061; x_wconf 86' lang='lat' dir='ltr'>librorum</span> <span class='ocrx_word' id='word_1_140' title='bbox 363 1018 621 1061; x_wconf 81' lang='lat' dir='ltr'>auctoritate</span> <span class='ocrx_word' id='word_1_141' title='bbox 649 1014 870 1059; x_wconf 85' lang='lat' dir='ltr'>cohibeor.</span> <span class='ocrx_word' id='word_1_142' title='bbox 902 1039 956 1049; x_wconf 90' lang='lat'><strong>—</strong></span> <span class='ocrx_word' id='word_1_143' title='bbox 1012 1031 1053 1059; x_wconf 87' lang='lat' dir='ltr'>v.</span> <span class='ocrx_word' id='word_1_144' title='bbox 1085 1017 1123 1058; x_wconf 90' lang='lat'>7.</span> <span class='ocrx_word' id='word_1_145' title='bbox 1181 1016 1273 1059; x_wconf 81' lang='lat' dir='ltr'>Illa</span> <span class='ocrx_word' id='word_1_146' title='bbox 1304 1015 1481 1075; x_wconf 78' lang='lat' dir='ltr'>quidem</span> <span class='ocrx_word' id='word_1_147' title='bbox 1510 1023 1604 1059; x_wconf 83' lang='lat' dir='ltr'>tam</span> <span class='ocrx_word' id='word_1_148' title='bbox 1632 1016 1775 1059; x_wconf 82' lang='lat' dir='ltr'>multa</span> <span class='ocrx_word' id='word_1_149' title='bbox 1804 1023 1966 1075; x_wconf 80' lang='lat' dir='ltr'>negat:</span> <span class='ocrx_word' id='word_1_150' title='bbox 2002 1016 2086 1059; x_wconf 75' lang='lat' dir='ltr'>sed</span> <span class='ocrx_word' id='word_1_151' title='bbox 2113 1016 2299 1061; x_wconf 79' lang='lat' dir='ltr'>credere</span> 
     </span>
     <span class='ocr_line' id='line_1_15' title="bbox 122 1082 2299 1141; baseline -0 -12"><span class='ocrx_word' id='word_1_152' title='bbox 122 1083 310 1129; x_wconf 77' lang='lat' dir='ltr'>durum</span> <span class='ocrx_word' id='word_1_153' title='bbox 319 1091 400 1129; x_wconf 74' lang='lat' dir='ltr'>est.</span> <span class='ocrx_word' id='word_1_154' title='bbox 440 1085 585 1128; x_wconf 83' lang='lat' dir='ltr'>Posse</span> <span class='ocrx_word' id='word_1_155' title='bbox 606 1083 750 1127; x_wconf 83' lang='lat' dir='ltr'>multa</span> <span class='ocrx_word' id='word_1_156' title='bbox 772 1082 1042 1126; x_wconf 87' lang='lat' dir='ltr'>Graecorum</span> <span class='ocrx_word' id='word_1_157' title='bbox 1062 1099 1183 1127; x_wconf 89' lang='lat' dir='ltr'>more</span> <span class='ocrx_word' id='word_1_158' title='bbox 1202 1099 1283 1141; x_wconf 85' lang='lat' dir='ltr'>pro</span> <span class='ocrx_word' id='word_1_159' title='bbox 1305 1083 1516 1127; x_wconf 88' lang='lat' dir='ltr'>adverbio</span> <span class='ocrx_word' id='word_1_160' title='bbox 1543 1086 1669 1140; x_wconf 90' lang='lat' dir='ltr'>poni,</span> <span class='ocrx_word' id='word_1_161' title='bbox 1700 1090 1887 1127; x_wconf 89' lang='lat' dir='ltr'>constat:</span> <span class='ocrx_word' id='word_1_162' title='bbox 1917 1083 1996 1127; x_wconf 90' lang='lat' dir='ltr'>sed</span> <span class='ocrx_word' id='word_1_163' title='bbox 2016 1084 2092 1127; x_wconf 92' lang='lat' dir='ltr'>ubi</span> <span class='ocrx_word' id='word_1_164' title='bbox 2112 1087 2299 1141; x_wconf 90' lang='lat' dir='ltr'>positum</span> 
     </span>
     <span class='ocr_line' id='line_1_16' title="bbox 124 1151 2300 1209; baseline 0 -12"><span class='ocrx_word' id='word_1_165' title='bbox 124 1159 212 1206; x_wconf 71' lang='lat' dir='ltr'>est,</span> <span class='ocrx_word' id='word_1_166' title='bbox 241 1158 392 1196; x_wconf 82' lang='lat' dir='ltr'>curant</span> <span class='ocrx_word' id='word_1_167' title='bbox 410 1154 660 1209; x_wconf 84' lang='lat' dir='ltr'>scriptores,</span> <span class='ocrx_word' id='word_1_168' title='bbox 689 1158 739 1194; x_wconf 84' lang='lat' dir='ltr'>ut</span> <span class='ocrx_word' id='word_1_169' title='bbox 768 1154 908 1195; x_wconf 89' lang='lat' dir='ltr'>statim</span> <span class='ocrx_word' id='word_1_170' title='bbox 938 1159 1159 1209; x_wconf 88' lang='lat' dir='ltr'>appareat,</span> <span class='ocrx_word' id='word_1_171' title='bbox 1189 1153 1331 1196; x_wconf 83' lang='lat' dir='ltr'>multa</span> <span class='ocrx_word' id='word_1_172' title='bbox 1362 1151 1560 1196; x_wconf 88' lang='lat' dir='ltr'>adverbii</span> <span class='ocrx_word' id='word_1_173' title='bbox 1589 1152 1733 1195; x_wconf 90' lang='lat' dir='ltr'>locum</span> <span class='ocrx_word' id='word_1_174' title='bbox 1763 1160 1933 1204; x_wconf 89' lang='lat' dir='ltr'>tenere,</span> <span class='ocrx_word' id='word_1_175' title='bbox 1962 1153 2085 1195; x_wconf 85' lang='lat' dir='ltr'>velut</span> <span class='ocrx_word' id='word_1_176' title='bbox 2115 1168 2209 1196; x_wconf 89' lang='lat' dir='ltr'>cum</span> <span class='ocrx_word' id='word_1_177' title='bbox 2238 1153 2300 1197; x_wconf 89' lang='lat' dir='ltr'>le·</span> 
     </span>
    </p>

    <p class='ocr_par' dir='ltr' id='par_1_3' title="bbox 103 1214 2311 2089">
     <span class='ocr_line' id='line_1_17' title="bbox 123 1214 2302 1281; baseline 0.001 -18.006"><span class='ocrx_word' id='word_1_178' title='bbox 123 1221 263 1278; x_wconf 77' lang='lat' dir='ltr'>gimns</span> <span class='ocrx_word' id='word_1_179' title='bbox 290 1219 432 1264; x_wconf 81' lang='lat' dir='ltr'>multa</span> <span class='ocrx_word' id='word_1_180' title='bbox 459 1226 664 1279; x_wconf 74' lang='lat' dir='ltr'>gemens,</span> <span class='ocrx_word' id='word_1_181' title='bbox 693 1220 836 1263; x_wconf 81' lang='lat' dir='ltr'>multa</span> <span class='ocrx_word' id='word_1_182' title='bbox 864 1227 1089 1274; x_wconf 75' lang='lat' dir='ltr'>moratus,</span> <span class='ocrx_word' id='word_1_183' title='bbox 1102 1214 1262 1265; x_wconf 78' lang='lat' dir='ltr'>multa</span> <span class='ocrx_word' id='word_1_184' title='bbox 1292 1221 1541 1274; x_wconf 71' lang='lat' dir='ltr'>reluctans,</span> <span class='ocrx_word' id='word_1_185' title='bbox 1553 1222 1714 1265; x_wconf 81' lang='lat' dir='ltr'>multa</span> <span class='ocrx_word' id='word_1_186' title='bbox 1741 1229 1958 1281; x_wconf 79' lang='lat' dir='ltr'>precatur</span> <span class='ocrx_word' id='word_1_187' title='bbox 1984 1225 2077 1266; x_wconf 72' lang='lat' dir='ltr'>sive</span> <span class='ocrx_word' id='word_1_188' title='bbox 2105 1229 2302 1267; x_wconf 76' lang='lat' dir='ltr'>testatur</span> 
     </span>
     <span class='ocr_line' id='line_1_18' title="bbox 122 1288 2298 1350; baseline 0.002 -19"><span class='ocrx_word' id='word_1_189' title='bbox 122 1288 339 1347; x_wconf 69' lang='lat' dir='ltr'>aliquem,</span> <span class='ocrx_word' id='word_1_190' title='bbox 367 1288 511 1332; x_wconf 81' lang='lat' dir='ltr'>multa</span> <span class='ocrx_word' id='word_1_191' title='bbox 532 1290 734 1332; x_wconf 71' lang='lat' dir='ltr'>invectus</span> <span class='ocrx_word' id='word_1_192' title='bbox 755 1290 803 1332; x_wconf 89' lang='lat' dir='ltr'>in</span> <span class='ocrx_word' id='word_1_193' title='bbox 832 1289 1044 1348; x_wconf 82' lang='lat' dir='ltr'>aliquem,</span> <span class='ocrx_word' id='word_1_194' title='bbox 1072 1290 1215 1333; x_wconf 80' lang='lat' dir='ltr'>multa</span> <span class='ocrx_word' id='word_1_195' title='bbox 1236 1289 1359 1333; x_wconf 67' lang='lat' dir='ltr'>Deos</span> <span class='ocrx_word' id='word_1_196' title='bbox 1382 1292 1603 1340; x_wconf 82' lang='lat' dir='ltr'>venerati,</span> <span class='ocrx_word' id='word_1_197' title='bbox 1634 1291 1777 1333; x_wconf 82' lang='lat' dir='ltr'>multa</span> <span class='ocrx_word' id='word_1_198' title='bbox 1804 1303 1938 1349; x_wconf 82' lang='lat' dir='ltr'>egeo,</span> <span class='ocrx_word' id='word_1_199' title='bbox 1968 1290 2050 1333; x_wconf 90' lang='lat' dir='ltr'>alia</span> <span class='ocrx_word' id='word_1_200' title='bbox 2078 1291 2123 1334; x_wconf 90' lang='lat' dir='ltr'>id</span> <span class='ocrx_word' id='word_1_201' title='bbox 2153 1305 2298 1350; x_wconf 83' lang='lat' dir='ltr'>genus.</span> 
     </span>
     <span class='ocr_line' id='line_1_19' title="bbox 103 1354 2298 1417; baseline 0.001 -17"><span class='ocrx_word' id='word_1_202' title='bbox 103 1354 277 1415; x_wconf 51' lang='lat' dir='ltr'>&#39;ltaque</span> <span class='ocrx_word' id='word_1_203' title='bbox 303 1358 341 1400; x_wconf 83' lang='lat' dir='ltr'>si</span> <span class='ocrx_word' id='word_1_204' title='bbox 364 1358 569 1415; x_wconf 79' lang='lat' dir='ltr'>scriptum</span> <span class='ocrx_word' id='word_1_205' title='bbox 591 1363 728 1400; x_wconf 85' lang='lat' dir='ltr'>esset:</span> <span class='ocrx_word' id='word_1_206' title='bbox 755 1357 846 1402; x_wconf 80' lang='lat' dir='ltr'>Rla</span> <span class='ocrx_word' id='word_1_207' title='bbox 867 1357 1044 1416; x_wconf 81' lang='lat' dir='ltr'>quidem</span> <span class='ocrx_word' id='word_1_208' title='bbox 1063 1373 1158 1400; x_wconf 84' lang='lat' dir='ltr'>rem</span> <span class='ocrx_word' id='word_1_209' title='bbox 1178 1358 1320 1401; x_wconf 81' lang='lat' dir='ltr'>multa</span> <span class='ocrx_word' id='word_1_210' title='bbox 1338 1365 1499 1417; x_wconf 71' lang='lat' dir='ltr'>negat:</span> <span class='ocrx_word' id='word_1_211' title='bbox 1528 1357 1634 1400; x_wconf 88' lang='lat' dir='ltr'>nihil</span> <span class='ocrx_word' id='word_1_212' title='bbox 1653 1358 1766 1402; x_wconf 89' lang='lat' dir='ltr'>foret</span> <span class='ocrx_word' id='word_1_213' title='bbox 1792 1359 2045 1402; x_wconf 82' lang='lat' dir='ltr'>offensionis</span> <span class='ocrx_word' id='word_1_214' title='bbox 2071 1359 2298 1416; x_wconf 87' lang='lat' dir='ltr'>reliquum.</span> 
     </span>
     <span class='ocr_line' id='line_1_20' title="bbox 122 1425 2298 1486; baseline 0 -16"><span class='ocrx_word' id='word_1_215' title='bbox 122 1425 217 1470; x_wconf 78' lang='lat' dir='ltr'>Sed</span> <span class='ocrx_word' id='word_1_216' title='bbox 243 1431 294 1470; x_wconf 88' lang='lat' dir='ltr'>ut</span> <span class='ocrx_word' id='word_1_217' title='bbox 320 1439 438 1471; x_wconf 88' lang='lat' dir='ltr'>nunc</span> <span class='ocrx_word' id='word_1_218' title='bbox 464 1425 638 1482; x_wconf 80' lang='lat' dir='ltr'>legitur,</span> <span class='ocrx_word' id='word_1_219' title='bbox 674 1425 901 1469; x_wconf 90' lang='lat' dir='ltr'>Dissenius</span> <span class='ocrx_word' id='word_1_220' title='bbox 930 1440 1022 1470; x_wconf 92' lang='lat' dir='ltr'>non</span> <span class='ocrx_word' id='word_1_221' title='bbox 1050 1429 1208 1470; x_wconf 88' lang='lat' dir='ltr'>iniuria</span> <span class='ocrx_word' id='word_1_222' title='bbox 1244 1427 1572 1486; x_wconf 35' lang='lat' dir='ltr'>negat,⁷multa</span> <span class='ocrx_word' id='word_1_223' title='bbox 1610 1442 1704 1470; x_wconf 89' lang='lat' dir='ltr'>esse</span> <span class='ocrx_word' id='word_1_224' title='bbox 1739 1441 1821 1484; x_wconf 90' lang='lat' dir='ltr'>pro</span> <span class='ocrx_word' id='word_1_225' title='bbox 1851 1427 2061 1485; x_wconf 85' lang='lat' dir='ltr'>adverbio</span> <span class='ocrx_word' id='word_1_226' title='bbox 2092 1431 2298 1485; x_wconf 82' lang='lat' dir='ltr'>positum:</span> 
     </span>
     <span class='ocr_line' id='line_1_21' title="bbox 126 1493 2299 1554; baseline 0.001 -15"><span class='ocrx_word' id='word_1_227' title='bbox 126 1500 174 1539; x_wconf 73' lang='lat' dir='ltr'>at</span> <span class='ocrx_word' id='word_1_228' title='bbox 187 1493 325 1552; x_wconf 84' lang='lat' dir='ltr'>idem,</span> <span class='ocrx_word' id='word_1_229' title='bbox 353 1493 455 1538; x_wconf 86' lang='lat' dir='ltr'>dum</span> <span class='ocrx_word' id='word_1_230' title='bbox 473 1495 786 1551; x_wconf 76' lang='lat' dir='ltr'>interpretatur</span> <span class='ocrx_word' id='word_1_231' title='bbox 805 1508 890 1538; x_wconf 79' lang='lat' dir='ltr'>»so</span> <span class='ocrx_word' id='word_1_232' title='bbox 909 1495 1110 1539; x_wconf 89' lang='lat' dir='ltr'>manches</span> <span class='ocrx_word' id='word_1_233' title='bbox 1123 1513 1147 1533; x_wconf 86' lang='lat'>«</span> <span class='ocrx_word' id='word_1_234' title='bbox 1168 1498 1254 1538; x_wconf 87' lang='lat' dir='ltr'>vim</span> <span class='ocrx_word' id='word_1_235' title='bbox 1275 1497 1402 1539; x_wconf 92' lang='lat' dir='ltr'>huius</span> <span class='ocrx_word' id='word_1_236' title='bbox 1417 1496 1541 1540; x_wconf 70' lang='lat' dir='ltr'>&#39;vocis</span> <span class='ocrx_word' id='word_1_237' title='bbox 1561 1496 1823 1554; x_wconf 86' lang='lat' dir='ltr'>aliquantum</span> <span class='ocrx_word' id='word_1_238' title='bbox 1845 1499 2065 1540; x_wconf 90' lang='lat' dir='ltr'>imminuit.</span> <span class='ocrx_word' id='word_1_239' title='bbox 2097 1498 2299 1554; x_wconf 83' lang='lat' dir='ltr'>Heynius</span> 
     </span>
     <span class='ocr_line' id='line_1_22' title="bbox 124 1562 2299 1624; baseline 0.001 -17"><span class='ocrx_word' id='word_1_240' title='bbox 124 1577 226 1607; x_wconf 79' lang='lat' dir='ltr'>oum</span> <span class='ocrx_word' id='word_1_241' title='bbox 257 1562 363 1607; x_wconf 86' lang='lat' dir='ltr'>alias</span> <span class='ocrx_word' id='word_1_242' title='bbox 385 1565 666 1620; x_wconf 66' lang='lat' dir='ltr'>&lt;coniecturas</span> <span class='ocrx_word' id='word_1_243' title='bbox 702 1567 928 1620; x_wconf 87' lang='lat' dir='ltr'>proponit,</span> <span class='ocrx_word' id='word_1_244' title='bbox 965 1564 1240 1612; x_wconf 77' lang='lat' dir='ltr'>tum-Ovidii</span> <span class='ocrx_word' id='word_1_245' title='bbox 1274 1567 1653 1623; x_wconf 84' lang='lat' dir='ltr'>vestigia-secutus</span> <span class='ocrx_word' id='word_1_246' title='bbox 1684 1568 1904 1623; x_wconf 84' lang='lat' dir='ltr'>opinatur,</span> <span class='ocrx_word' id='word_1_247' title='bbox 1941 1565 2170 1624; x_wconf 84' lang='lat' dir='ltr'>legendum</span> <span class='ocrx_word' id='word_1_248' title='bbox 2202 1580 2299 1610; x_wconf 88' lang='lat' dir='ltr'>esse</span> 
     </span>
     <span class='ocr_line' id='line_1_23' title="bbox 126 1631 2300 1691; baseline 0.001 -16"><span class='ocrx_word' id='word_1_249' title='bbox 126 1631 292 1675; x_wconf 78' lang='lat' dir='ltr'>iurata.</span> <span class='ocrx_word' id='word_1_250' title='bbox 343 1631 467 1675; x_wconf 88' lang='lat' dir='ltr'>Haec</span> <span class='ocrx_word' id='word_1_251' title='bbox 494 1633 744 1674; x_wconf 87' lang='lat' dir='ltr'>coniectura</span> <span class='ocrx_word' id='word_1_252' title='bbox 772 1639 845 1676; x_wconf 77' lang='lat' dir='ltr'>est·</span> <span class='ocrx_word' id='word_1_253' title='bbox 868 1648 972 1676; x_wconf 88' lang='lat' dir='ltr'>sane</span> <span class='ocrx_word' id='word_1_254' title='bbox 1002 1635 1211 1691; x_wconf 79' lang='lat' dir='ltr'>speciosa.</span> <span class='ocrx_word' id='word_1_255' title='bbox 1261 1634 1371 1677; x_wconf 88' lang='lat' dir='ltr'>Nam</span> <span class='ocrx_word' id='word_1_256' title='bbox 1402 1647 1499 1685; x_wconf 81' lang='lat' dir='ltr'>cum</span> <span class='ocrx_word' id='word_1_257' title='bbox 1531 1634 1716 1678; x_wconf 88' lang='lat' dir='ltr'>Ovidius</span> <span class='ocrx_word' id='word_1_258' title='bbox 1747 1635 1905 1689; x_wconf 87' lang='lat' dir='ltr'>(Trist.</span> <span class='ocrx_word' id='word_1_259' title='bbox 1928 1635 1980 1678; x_wconf 93' lang='grc' dir='ltr'>ΙΙ.</span> <span class='ocrx_word' id='word_1_260' title='bbox 2006 1635 2120 1688; x_wconf 84' lang='grc'>447)</span> <span class='ocrx_word' id='word_1_261' title='bbox 2146 1634 2300 1678; x_wconf 73' lang='grc' dir='ltr'><strong><em>ΤὼιιΙ-’</em></strong></span> 
     </span>
     <span class='ocr_line' id='line_1_24' title="bbox 126 1694 2311 1760; baseline 0.002 -17"><span class='ocrx_word' id='word_1_262' title='bbox 126 1698 232 1743; x_wconf 79' lang='lat' dir='ltr'>liani</span> <span class='ocrx_word' id='word_1_263' title='bbox 257 1700 379 1742; x_wconf 88' lang='lat' dir='ltr'>istius</span> <span class='ocrx_word' id='word_1_264' title='bbox 406 1698 494 1742; x_wconf 85' lang='lat' dir='ltr'>loci</span> <span class='ocrx_word' id='word_1_265' title='bbox 521 1702 781 1743; x_wconf 78' lang='lat' dir='ltr'>mentionem</span> <span class='ocrx_word' id='word_1_266' title='bbox 810 1703 869 1744; x_wconf 90' lang='lat' dir='ltr'>ita</span> <span class='ocrx_word' id='word_1_267' title='bbox 897 1702 1044 1754; x_wconf 88' lang='lat' dir='ltr'>faciat,</span> <span class='ocrx_word' id='word_1_268' title='bbox 1077 1709 1126 1746; x_wconf 89' lang='lat' dir='ltr'>ut</span> <span class='ocrx_word' id='word_1_269' title='bbox 1155 1703 1260 1746; x_wconf 86' lang='lat' dir='ltr'>haec</span> <span class='ocrx_word' id='word_1_270' title='bbox 1288 1702 1422 1746; x_wconf 74' lang='lat' dir='ltr'>verba</span> <span class='ocrx_word' id='word_1_271' title='bbox 1452 1710 1615 1747; x_wconf 87' lang='lat' dir='ltr'>tantum</span> <span class='ocrx_word' id='word_1_272' title='bbox 1644 1717 1735 1746; x_wconf 89' lang='lat' dir='ltr'>non</span> <span class='ocrx_word' id='word_1_273' title='bbox 1764 1703 1978 1760; x_wconf 87' lang='lat' dir='ltr'>descripta</span> <span class='ocrx_word' id='word_1_274' title='bbox 2009 1703 2143 1757; x_wconf 88' lang='lat' dir='ltr'>dicas,</span> <span class='ocrx_word' id='word_1_275' title='bbox 2182 1694 2311 1748; x_wconf 54' lang='lat' dir='ltr'>cum?</span> 
     </span>
     <span class='ocr_line' id='line_1_25' title="bbox 127 1766 2300 1830; baseline 0.003 -20"><span class='ocrx_word' id='word_1_276' title='bbox 127 1781 216 1825; x_wconf 87' lang='lat' dir='ltr'>que</span> <span class='ocrx_word' id='word_1_277' title='bbox 235 1766 352 1810; x_wconf 86' lang='lat' dir='ltr'>-nihil</span> <span class='ocrx_word' id='word_1_278' title='bbox 379 1770 519 1825; x_wconf 89' lang='lat' dir='ltr'>aptius</span> <span class='ocrx_word' id='word_1_279' title='bbox 551 1769 903 1826; x_wconf 88' lang='lat' dir='ltr'>commodiusque</span> <span class='ocrx_word' id='word_1_280' title='bbox 932 1772 1119 1814; x_wconf 90' lang='lat' dir='ltr'>inveniri</span> <span class='ocrx_word' id='word_1_281' title='bbox 1147 1773 1302 1828; x_wconf 85' lang='lat' dir='ltr'>possit,</span> <span class='ocrx_word' id='word_1_282' title='bbox 1343 1787 1471 1830; x_wconf 90' lang='lat' dir='ltr'>quam</span> <span class='ocrx_word' id='word_1_283' title='bbox 1501 1773 1651 1817; x_wconf 87' lang='lat' dir='ltr'>Ovidii</span> <span class='ocrx_word' id='word_1_284' title='bbox 1678 1775 1848 1824; x_wconf 81' lang='lat' dir='ltr'>iurata,</span> <span class='ocrx_word' id='word_1_285' title='bbox 1887 1772 2014 1815; x_wconf 82' lang='lat' dir='ltr'>facile</span> <span class='ocrx_word' id='word_1_286' title='bbox 2049 1775 2144 1829; x_wconf 90' lang='lat' dir='ltr'>quis</span> <span class='ocrx_word' id='word_1_287' title='bbox 2173 1773 2300 1816; x_wconf 81' lang='lat' dir='ltr'>indu-</span> 
     </span>
     <span class='ocr_line' id='line_1_26' title="bbox 128 1836 2300 1899; baseline 0.002 -19"><span class='ocrx_word' id='word_1_288' title='bbox 128 1841 268 1888; x_wconf 75' lang='lat' dir='ltr'>catur,</span> <span class='ocrx_word' id='word_1_289' title='bbox 304 1841 353 1878; x_wconf 86' lang='lat' dir='ltr'>ut</span> <span class='ocrx_word' id='word_1_290' title='bbox 387 1836 434 1879; x_wconf 93' lang='lat' dir='ltr'>id</span> <span class='ocrx_word' id='word_1_291' title='bbox 467 1838 640 1898; x_wconf 86' lang='lat' dir='ltr'>arripiat</span> <span class='ocrx_word' id='word_1_292' title='bbox 670 1840 903 1896; x_wconf 89' lang='lat' dir='ltr'>eiectisque</span> <span class='ocrx_word' id='word_1_293' title='bbox 933 1838 1076 1883; x_wconf 82' lang='lat' dir='ltr'>verbis</span> <span class='ocrx_word' id='word_1_294' title='bbox 1106 1846 1200 1883; x_wconf 84' lang='lat' dir='ltr'>tam</span> <span class='ocrx_word' id='word_1_295' title='bbox 1228 1840 1371 1884; x_wconf 80' lang='lat' dir='ltr'>multa</span> <span class='ocrx_word' id='word_1_296' title='bbox 1400 1841 1512 1884; x_wconf 91' lang='lat' dir='ltr'>illud</span> <span class='ocrx_word' id='word_1_297' title='bbox 1541 1844 1780 1899; x_wconf 91' lang='lat' dir='ltr'>repositum</span> <span class='ocrx_word' id='word_1_298' title='bbox 1809 1841 1923 1885; x_wconf 88' lang='lat' dir='ltr'>velit.</span> <span class='ocrx_word' id='word_1_299' title='bbox 1981 1843 2148 1884; x_wconf 88' lang='lat' dir='ltr'>Verum</span> <span class='ocrx_word' id='word_1_300' title='bbox 2178 1848 2300 1885; x_wconf 88' lang='lat' dir='ltr'>utro-</span> 
     </span>
     <span class='ocr_line' id='line_1_27' title="bbox 126 1902 2299 1966; baseline 0.003 -20"><span class='ocrx_word' id='word_1_301' title='bbox 126 1902 345 1960; x_wconf 72' lang='lat' dir='ltr'>que‹loco</span> <span class='ocrx_word' id='word_1_302' title='bbox 374 1902 621 1962; x_wconf 81' lang='lat' dir='ltr'>diligentius</span> <span class='ocrx_word' id='word_1_303' title='bbox 649 1907 945 1960; x_wconf 86' lang='lat' dir='ltr'>considerato,</span> <span class='ocrx_word' id='word_1_304' title='bbox 973 1922 1065 1951; x_wconf 88' lang='lat' dir='ltr'>non</span> <span class='ocrx_word' id='word_1_305' title='bbox 1097 1911 1330 1966; x_wconf 82' lang='lat' dir='ltr'>exscriptos</span> <span class='ocrx_word' id='word_1_306' title='bbox 1361 1908 1416 1952; x_wconf 92' lang='lat' dir='ltr'>ab</span> <span class='ocrx_word' id='word_1_307' title='bbox 1442 1909 1608 1953; x_wconf 89' lang='lat' dir='ltr'>Ovidio</span> <span class='ocrx_word' id='word_1_308' title='bbox 1637 1910 1717 1953; x_wconf 91' lang='lat' dir='ltr'>hos</span> <span class='ocrx_word' id='word_1_309' title='bbox 1746 1924 1895 1952; x_wconf 86' lang='lat' dir='ltr'>versus</span> <span class='ocrx_word' id='word_1_310' title='bbox 1927 1923 2020 1952; x_wconf 91' lang='lat' dir='ltr'>esse</span> <span class='ocrx_word' id='word_1_311' title='bbox 2037 1909 2299 1966; x_wconf 80' lang='lat' dir='ltr'>intelligitur.</span> 
     </span>
     <span class='ocr_line' id='line_1_28' title="bbox 127 1970 2298 2034; baseline 0.003 -20"><span class='ocrx_word' id='word_1_312' title='bbox 127 1970 347 2028; x_wconf 84' lang='lat' dir='ltr'>Idemque.</span> <span class='ocrx_word' id='word_1_313' title='bbox 377 1971 469 2015; x_wconf 74' lang='lat' dir='ltr'>dieiv</span> <span class='ocrx_word' id='word_1_314' title='bbox 491 1980 636 2030; x_wconf 81' lang='lat' dir='ltr'>potest</span> <span class='ocrx_word' id='word_1_315' title='bbox 664 1974 719 2017; x_wconf 84' lang='lat' dir='ltr'>de</span> <span class='ocrx_word' id='word_1_316' title='bbox 740 1974 868 2027; x_wconf 75' lang='lat' dir='ltr'>loco,</span> <span class='ocrx_word' id='word_1_317' title='bbox 908 1978 984 2032; x_wconf 90' lang='lat' dir='ltr'>qui</span> <span class='ocrx_word' id='word_1_318' title='bbox 1013 1975 1125 2019; x_wconf 86' lang='lat' dir='ltr'>infra</span> <span class='ocrx_word' id='word_1_319' title='bbox 1154 1977 1311 2034; x_wconf 80' lang='lat' dir='ltr'>legitur</span> <span class='ocrx_word' id='word_1_320' title='bbox 1340 1979 1404 2031; x_wconf 86' lang='lat' dir='ltr'>(v.</span> <span class='ocrx_word' id='word_1_321' title='bbox 1433 1978 1534 2031; x_wconf 89' lang='lat'>16),</span> <span class='ocrx_word' id='word_1_322' title='bbox 1572 1976 1650 2020; x_wconf 90' lang='lat' dir='ltr'>ubi</span> <span class='ocrx_word' id='word_1_323' title='bbox 1678 1977 1945 2030; x_wconf 87' lang='lat' dir='ltr'>Huschkius‚</span> <span class='ocrx_word' id='word_1_324' title='bbox 1979 1971 2298 2030; x_wconf 79' lang='lat' dir='ltr'>Lachmannus,</span> 
     </span>
     <span class='ocr_line' id='line_1_29' title="bbox 127 2039 2299 2098; baseline 0.002 -14"><span class='ocrx_word' id='word_1_325' title='bbox 127 2039 356 2084; x_wconf 76' lang='lat' dir='ltr'>Dissenius</span> <span class='ocrx_word' id='word_1_326' title='bbox 390 2054 499 2084; x_wconf 78' lang='lat' dir='ltr'>mre·</span> <span class='ocrx_word' id='word_1_327' title='bbox 522 2042 765 2086; x_wconf 77' lang='lat' dir='ltr'>servarunt·</span> <span class='ocrx_word' id='word_1_328' title='bbox 786 2042 908 2086; x_wconf 78' lang='lat' dir='ltr'>nihil.</span> <span class='ocrx_word' id='word_1_329' title='bbox 967 2043 1058 2086; x_wconf 90' lang='lat' dir='ltr'>Sed</span> <span class='ocrx_word' id='word_1_330' title='bbox 1090 2046 1153 2088; x_wconf 87' lang='lat' dir='ltr'>uti</span> <span class='ocrx_word' id='word_1_331' title='bbox 1182 2059 1273 2088; x_wconf 89' lang='lat' dir='ltr'>non</span> <span class='ocrx_word' id='word_1_332' title='bbox 1303 2052 1367 2089; x_wconf 76' lang='lat' dir='ltr'>est</span> <span class='ocrx_word' id='word_1_333' title='bbox 1394 2046 1664 2098; x_wconf 85' lang='lat' dir='ltr'>verisimile,</span> <span class='ocrx_word' id='word_1_334' title='bbox 1685 2046 1740 2088; x_wconf 85' lang='lat' dir='ltr'>ab</span> <span class='ocrx_word' id='word_1_335' title='bbox 1773 2046 1936 2089; x_wconf 85' lang='lat' dir='ltr'>Ovidio</span> <span class='ocrx_word' id='word_1_336' title='bbox 1966 2060 2117 2089; x_wconf 85' lang='lat' dir='ltr'>vocem</span> <span class='ocrx_word' id='word_1_337' title='bbox 2147 2045 2299 2089; x_wconf 88' lang='lat' dir='ltr'>Tibul-</span> 
     </span>
    </p>

    <p class='ocr_par' dir='ltr' id='par_1_4' title="bbox 125 2106 2300 2856">
     <span class='ocr_line' id='line_1_30' title="bbox 125 2106 2298 2178; baseline 0.004 -28"><span class='ocrx_word' id='word_1_338' title='bbox 125 2106 283 2154; x_wconf 77' lang='lat' dir='ltr'>lianam</span> <span class='ocrx_word' id='word_1_339' title='bbox 309 2110 494 2165; x_wconf 84' lang='lat' dir='ltr'>positam</span> <span class='ocrx_word' id='word_1_340' title='bbox 521 2123 638 2163; x_wconf 88' lang='lat' dir='ltr'>esse,</span> <span class='ocrx_word' id='word_1_341' title='bbox 676 2113 734 2154; x_wconf 74' lang='lat' dir='ltr'>ita</span> <span class='ocrx_word' id='word_1_342' title='bbox 763 2110 880 2154; x_wconf 89' lang='lat' dir='ltr'>baud</span> <span class='ocrx_word' id='word_1_343' title='bbox 910 2109 1091 2155; x_wconf 91' lang='lat' dir='ltr'>dubium</span> <span class='ocrx_word' id='word_1_344' title='bbox 1120 2120 1218 2165; x_wconf 88' lang='lat' dir='ltr'>est,-</span> <span class='ocrx_word' id='word_1_345' title='bbox 1238 2115 1343 2171; x_wconf 87' lang='lat' dir='ltr'>quin</span> <span class='ocrx_word' id='word_1_346' title='bbox 1370 2113 1511 2157; x_wconf 85' lang='lat' dir='ltr'>verbo</span> <span class='ocrx_word' id='word_1_347' title='bbox 1540 2112 1710 2158; x_wconf 69' lang='lat' dir='ltr'>iuranti</span> <span class='ocrx_word' id='word_1_348' title='bbox 1740 2113 2053 2168; x_wconf 90' lang='lat' dir='ltr'>Tibullianum,</span> <span class='ocrx_word' id='word_1_349' title='bbox 2090 2114 2298 2178; x_wconf 78' lang='lat' dir='ltr'>quicquid</span> 
     </span>
     <span class='ocr_line' id='line_1_31' title="bbox 126 2173 2299 2240; baseline 0.004 -21"><span class='ocrx_word' id='word_1_350' title='bbox 126 2173 240 2219; x_wconf 80' lang='lat' dir='ltr'>illud</span> <span class='ocrx_word' id='word_1_351' title='bbox 265 2182 374 2229; x_wconf 85' lang='lat' dir='ltr'>erat,</span> <span class='ocrx_word' id='word_1_352' title='bbox 402 2178 667 2234; x_wconf 83' lang='lat' dir='ltr'>expresserit.</span> <span class='ocrx_word' id='word_1_353' title='bbox 727 2179 851 2222; x_wconf 87' lang='lat' dir='ltr'>Nihil</span> <span class='ocrx_word' id='word_1_354' title='bbox 878 2187 1019 2224; x_wconf 90' lang='lat' dir='ltr'>autem</span> <span class='ocrx_word' id='word_1_355' title='bbox 1048 2180 1103 2224; x_wconf 89' lang='lat' dir='ltr'>ad</span> <span class='ocrx_word' id='word_1_356' title='bbox 1132 2183 1216 2223; x_wconf 80' lang='lat' dir='ltr'>vim</span> <span class='ocrx_word' id='word_1_357' title='bbox 1246 2180 1386 2225; x_wconf 85' lang='lat' dir='ltr'>verbi</span> <span class='ocrx_word' id='word_1_358' title='bbox 1401 2184 1556 2226; x_wconf 80' lang='lat' dir='ltr'>iurare</span> <span class='ocrx_word' id='word_1_359' title='bbox 1581 2184 1761 2240; x_wconf 89' lang='lat' dir='ltr'>propius</span> <span class='ocrx_word' id='word_1_360' title='bbox 1792 2183 1976 2235; x_wconf 85' lang='lat' dir='ltr'>accedit,</span> <span class='ocrx_word' id='word_1_361' title='bbox 2008 2198 2134 2240; x_wconf 90' lang='lat' dir='ltr'>quam</span> <span class='ocrx_word' id='word_1_362' title='bbox 2164 2182 2299 2229; x_wconf 77' lang='lat' dir='ltr'>valde</span> 
     </span>
     <span class='ocr_line' id='line_1_32' title="bbox 126 2245 2300 2309; baseline 0.004 -23"><span class='ocrx_word' id='word_1_363' title='bbox 126 2257 342 2302; x_wconf 76' lang='lat' dir='ltr'>negare</span> <span class='ocrx_word' id='word_1_364' title='bbox 368 2245 479 2288; x_wconf 90' lang='lat' dir='ltr'>Nam</span> <span class='ocrx_word' id='word_1_365' title='bbox 517 2245 631 2289; x_wconf 83' lang='lat' dir='ltr'>furta</span> <span class='ocrx_word' id='word_1_366' title='bbox 668 2261 827 2304; x_wconf 83' lang='lat' dir='ltr'>negare</span> <span class='ocrx_word' id='word_1_367' title='bbox 866 2255 910 2291; x_wconf 90' lang='lat' dir='ltr'>et</span> <span class='ocrx_word' id='word_1_368' title='bbox 946 2251 1143 2306; x_wconf 88' lang='lat' dir='ltr'>peierare</span> <span class='ocrx_word' id='word_1_369' title='bbox 1177 2251 1222 2293; x_wconf 91' lang='lat' dir='ltr'>in</span> <span class='ocrx_word' id='word_1_370' title='bbox 1260 2249 1325 2293; x_wconf 85' lang='lat' dir='ltr'>his</span> <span class='ocrx_word' id='word_1_371' title='bbox 1364 2250 1520 2308; x_wconf 90' lang='lat' dir='ltr'>puellis</span> <span class='ocrx_word' id='word_1_372' title='bbox 1551 2251 1640 2294; x_wconf 86' lang='lat' dir='ltr'>fere</span> <span class='ocrx_word' id='word_1_373' title='bbox 1670 2251 1785 2294; x_wconf 88' lang='lat' dir='ltr'>idem</span> <span class='ocrx_word' id='word_1_374' title='bbox 1817 2259 1893 2294; x_wconf 91' lang='lat' dir='ltr'>est.</span> <span class='ocrx_word' id='word_1_375' title='bbox 1950 2252 2122 2309; x_wconf 89' lang='lat' dir='ltr'>Itaque</span> <span class='ocrx_word' id='word_1_376' title='bbox 2134 2254 2300 2295; x_wconf 87' lang='lat' dir='ltr'>etiamsi</span> 
     </span>
     <span class='ocr_line' id='line_1_33' title="bbox 126 2311 2299 2372; baseline 0.004 -17"><span class='ocrx_word' id='word_1_377' title='bbox 126 2325 220 2356; x_wconf 84' lang='lat' dir='ltr'>uon</span> <span class='ocrx_word' id='word_1_378' title='bbox 251 2311 402 2366; x_wconf 82' lang='lat' dir='ltr'>credo,</span> <span class='ocrx_word' id='word_1_379' title='bbox 438 2316 640 2371; x_wconf 76' lang='lat' dir='ltr'>scriptum</span> <span class='ocrx_word' id='word_1_380' title='bbox 671 2315 756 2358; x_wconf 91' lang='lat' dir='ltr'>hoc</span> <span class='ocrx_word' id='word_1_381' title='bbox 784 2315 884 2359; x_wconf 91' lang='lat' dir='ltr'>loco</span> <span class='ocrx_word' id='word_1_382' title='bbox 914 2316 1048 2360; x_wconf 80' lang='lat' dir='ltr'>fuisse</span> <span class='ocrx_word' id='word_1_383' title='bbox 1077 2319 1249 2370; x_wconf 84' lang='lat' dir='ltr'>iurata,</span> <span class='ocrx_word' id='word_1_384' title='bbox 1287 2325 1432 2362; x_wconf 89' lang='lat' dir='ltr'>tamen</span> <span class='ocrx_word' id='word_1_385' title='bbox 1461 2318 1596 2362; x_wconf 89' lang='lat' dir='ltr'>verba</span> <span class='ocrx_word' id='word_1_386' title='bbox 1627 2319 1779 2362; x_wconf 87' lang='lat' dir='ltr'>Ovidii</span> <span class='ocrx_word' id='word_1_387' title='bbox 1807 2334 1875 2363; x_wconf 91' lang='lat' dir='ltr'>me</span> <span class='ocrx_word' id='word_1_388' title='bbox 1903 2327 2097 2372; x_wconf 87' lang='lat' dir='ltr'>movent,</span> <span class='ocrx_word' id='word_1_389' title='bbox 2134 2327 2182 2363; x_wconf 92' lang='lat' dir='ltr'>ut</span> <span class='ocrx_word' id='word_1_390' title='bbox 2213 2322 2299 2363; x_wconf 85' lang='lat' dir='ltr'>exi-</span> 
     </span>
     <span class='ocr_line' id='line_1_34' title="bbox 125 2381 2297 2446; baseline 0.003 -19"><span class='ocrx_word' id='word_1_391' title='bbox 125 2381 312 2438; x_wconf 69' lang='lat' dir='ltr'>stimem,</span> <span class='ocrx_word' id='word_1_392' title='bbox 341 2386 436 2424; x_wconf 76' lang='lat' dir='ltr'>tam</span> <span class='ocrx_word' id='word_1_393' title='bbox 464 2382 606 2426; x_wconf 78' lang='lat' dir='ltr'>multa</span> <span class='ocrx_word' id='word_1_394' title='bbox 624 2397 725 2427; x_wconf 51' lang='lat' dir='ltr'>¹non</span> <span class='ocrx_word' id='word_1_395' title='bbox 753 2398 848 2427; x_wconf 90' lang='lat' dir='ltr'>esse</span> <span class='ocrx_word' id='word_1_396' title='bbox 875 2386 1211 2439; x_wconf 72' lang='lat' dir='ltr'>»so&#39;manches,</span> <span class='ocrx_word' id='word_1_397' title='bbox 1241 2386 1362 2443; x_wconf 90' lang='lat' dir='ltr'>quod</span> <span class='ocrx_word' id='word_1_398' title='bbox 1391 2389 1568 2444; x_wconf 88' lang='lat' dir='ltr'>insuper</span> <span class='ocrx_word' id='word_1_399' title='bbox 1597 2387 1703 2432; x_wconf 84' lang='lat' dir='ltr'>exile</span> <span class='ocrx_word' id='word_1_400' title='bbox 1732 2395 1862 2446; x_wconf 89' lang='lat' dir='ltr'>atque</span> <span class='ocrx_word' id='word_1_401' title='bbox 1891 2387 2080 2431; x_wconf 69' lang='lat' dir='ltr'>ieiunum</span> <span class='ocrx_word' id='word_1_402' title='bbox 2109 2395 2193 2442; x_wconf 87' lang='lat' dir='ltr'>est,</span> <span class='ocrx_word' id='word_1_403' title='bbox 2220 2388 2297 2433; x_wconf 90' lang='lat' dir='ltr'>sed</span> 
     </span>
     <span class='ocr_line' id='line_1_35' title="bbox 125 2446 2296 2515; baseline 0.004 -22"><span class='ocrx_word' id='word_1_404' title='bbox 125 2446 242 2493; x_wconf 25' lang='lat' dir='ltr'>sehr.</span> <span class='ocrx_word' id='word_1_405' title='bbox 269 2447 350 2492; x_wconf 61' lang='lat' dir='ltr'>vel·</span> <span class='ocrx_word' id='word_1_406' title='bbox 376 2449 576 2509; x_wconf 69' lang='lat' dir='ltr'>effiigst.</span> <span class='ocrx_word' id='word_1_407' title='bbox 631 2451 931 2509; x_wconf 64' lang='lat' dir='ltr'>Quidjgitur,</span> <span class='ocrx_word' id='word_1_408' title='bbox 969 2456 1005 2497; x_wconf 86' lang='lat' dir='ltr'>si</span> <span class='ocrx_word' id='word_1_409' title='bbox 1041 2461 1134 2498; x_wconf 77' lang='lat' dir='ltr'>tam</span> <span class='ocrx_word' id='word_1_410' title='bbox 1163 2455 1313 2500; x_wconf 74' lang='lat' dir='ltr'>multa</span> <span class='ocrx_word' id='word_1_411' title='bbox 1340 2463 1486 2515; x_wconf 58' lang='lat' dir='ltr'>&gt;negat</span> <span class='ocrx_word' id='word_1_412' title='bbox 1514 2456 1673 2500; x_wconf 91' lang='lat' dir='ltr'>dictum</span> <span class='ocrx_word' id='word_1_413' title='bbox 1701 2459 1774 2510; x_wconf 88' lang='lat' dir='ltr'>sit,</span> <span class='ocrx_word' id='word_1_414' title='bbox 1808 2464 1858 2500; x_wconf 85' lang='lat' dir='ltr'>ut</span> <span class='ocrx_word' id='word_1_415' title='bbox 1886 2457 2054 2500; x_wconf 75' lang='lat' dir='ltr'>multus</span> <span class='ocrx_word' id='word_1_416' title='bbox 2071 2458 2186 2509; x_wconf 82' lang='lat' dir='ltr'>fluit</span> <span class='ocrx_word' id='word_1_417' title='bbox 2216 2458 2296 2512; x_wconf 66' lang='grc' dir='ltr'>(οἷς</span> 
     </span>
     <span class='ocr_line' id='line_1_36' title="bbox 125 2517 2297 2582; baseline 0.004 -21"><span class='ocrx_word' id='word_1_418' title='bbox 125 2517 769 2574; x_wconf 56' lang='lat' dir='ltr'>interprett.1ad&#39;}1matt18erm.</span> <span class='ocrx_word' id='word_1_419' title='bbox 791 2521 824 2564; x_wconf 92' lang='lat'>1.</span> <span class='ocrx_word' id='word_1_420' title='bbox 847 2521 893 2573; x_wconf 76' lang='lat'>7,</span> <span class='ocrx_word' id='word_1_421' title='bbox 913 2522 1002 2577; x_wconf 71' lang='lat'>28)</span> <span class='ocrx_word' id='word_1_422' title='bbox 1031 2522 1198 2567; x_wconf 76' lang='lat' dir='ltr'>multus</span> <span class='ocrx_word' id='word_1_423' title='bbox 1216 2526 1366 2567; x_wconf 76' lang='lat' dir='ltr'>&#39;instat</span> <span class='ocrx_word' id='word_1_424' title='bbox 1398 2524 1530 2578; x_wconf 74' lang='lat' dir='ltr'>(Sall.-</span> <span class='ocrx_word' id='word_1_425' title='bbox 1550 2526 1637 2582; x_wconf 84' lang='lat' dir='ltr'>Iug.</span> <span class='ocrx_word' id='word_1_426' title='bbox 1660 2541 1695 2568; x_wconf 84' lang='lat' dir='ltr'>c.</span> <span class='ocrx_word' id='word_1_427' title='bbox 1715 2526 1828 2579; x_wconf 77' lang='lat'>86)?</span> <span class='ocrx_word' id='word_1_428' title='bbox 1858 2549 1912 2559; x_wconf 91' lang='lat'>—</span> <span class='ocrx_word' id='word_1_429' title='bbox 1953 2540 2010 2569; x_wconf 67' lang='lat' dir='ltr'>v,</span> <span class='ocrx_word' id='word_1_430' title='bbox 2038 2526 2104 2568; x_wconf 93' lang='lat'>11.</span> <span class='ocrx_word' id='word_1_431' title='bbox 2162 2527 2297 2569; x_wconf 79' lang='lat' dir='ltr'>Varia</span> 
     </span>
     <span class='ocr_line' id='line_1_37' title="bbox 126 2585 2297 2651; baseline 0.005 -24"><span class='ocrx_word' id='word_1_432' title='bbox 126 2585 432 2643; x_wconf 60' lang='lat' dir='ltr'>scriptura-est</span> <span class='ocrx_word' id='word_1_433' title='bbox 461 2591 563 2630; x_wconf 71' lang='lat' dir='ltr'>cur-‘x</span> <span class='ocrx_word' id='word_1_434' title='bbox 583 2586 833 2631; x_wconf 71' lang='lat' dir='ltr'>-sedaltera</span> <span class='ocrx_word' id='word_1_435' title='bbox 865 2591 918 2632; x_wconf 75' lang='lat' dir='ltr'>ut</span> <span class='ocrx_word' id='word_1_436' title='bbox 945 2590 1280 2648; x_wconf 75' lang='lat' dir='ltr'>quingermana</span> <span class='ocrx_word' id='word_1_437' title='bbox 1307 2593 1379 2644; x_wconf 87' lang='lat' dir='ltr'>sit,</span> <span class='ocrx_word' id='word_1_438' title='bbox 1409 2605 1500 2640; x_wconf 85' lang='lat' dir='ltr'>non</span> <span class='ocrx_word' id='word_1_439' title='bbox 1521 2592 1695 2636; x_wconf 87' lang='lat' dir='ltr'>dubito:</span> <span class='ocrx_word' id='word_1_440' title='bbox 1724 2607 1821 2637; x_wconf 84' lang='lat' dir='ltr'>nam</span> <span class='ocrx_word' id='word_1_441' title='bbox 1842 2592 1987 2651; x_wconf 89' lang='lat' dir='ltr'>puella</span> <span class='ocrx_word' id='word_1_442' title='bbox 2009 2593 2157 2637; x_wconf 89' lang='lat' dir='ltr'>didicit</span> <span class='ocrx_word' id='word_1_443' title='bbox 2176 2608 2297 2638; x_wconf 89' lang='lat' dir='ltr'>oaus-</span> 
     </span>
     <span class='ocr_line' id='line_1_38' title="bbox 126 2651 2298 2710; baseline 0.005 -14"><span class='ocrx_word' id='word_1_444' title='bbox 126 2665 197 2697; x_wconf 69' lang='lat' dir='ltr'>sas</span> <span class='ocrx_word' id='word_1_445' title='bbox 224 2651 408 2710; x_wconf 79' lang='lat' dir='ltr'>fingere,</span> <span class='ocrx_word' id='word_1_446' title='bbox 439 2668 537 2698; x_wconf 77' lang='lat' dir='ltr'>,non</span> <span class='ocrx_word' id='word_1_447' title='bbox 566 2669 668 2699; x_wconf 83' lang='lat' dir='ltr'>cum</span> <span class='ocrx_word' id='word_1_448' title='bbox 694 2656 789 2699; x_wconf 92' lang='lat' dir='ltr'>sola</span> <span class='ocrx_word' id='word_1_449' title='bbox 818 2656 1033 2710; x_wconf 75' lang='lat' dir='ltr'>cubaret,›</span> <span class='ocrx_word' id='word_1_450' title='bbox 1054 2659 1134 2702; x_wconf 89' lang='lat' dir='ltr'>sed</span> <span class='ocrx_word' id='word_1_451' title='bbox 1163 2666 1215 2702; x_wconf 82' lang='lat' dir='ltr'>ut</span> <span class='ocrx_word' id='word_1_452' title='bbox 1254 2659 1347 2702; x_wconf 89' lang='lat' dir='ltr'>sola</span> <span class='ocrx_word' id='word_1_453' title='bbox 1385 2659 1579 2704; x_wconf 86' lang='lat' dir='ltr'>cubaret.</span> <span class='ocrx_word' id='word_1_454' title='bbox 1638 2661 1780 2705; x_wconf 87' lang='lat' dir='ltr'>Fictas</span> <span class='ocrx_word' id='word_1_455' title='bbox 1818 2676 1990 2705; x_wconf 89' lang='lat' dir='ltr'>caussas</span> <span class='ocrx_word' id='word_1_456' title='bbox 2026 2661 2298 2707; x_wconf 88' lang='lat' dir='ltr'>manifestum</span> 
     </span>
     <span class='ocr_line' id='line_1_39' title="bbox 129 2721 2299 2781; baseline 0.006 -16"><span class='ocrx_word' id='word_1_457' title='bbox 129 2721 649 2781; x_wconf 70' lang='lat' dir='ltr'>est-inanes.&#39;praetextus</span> <span class='ocrx_word' id='word_1_458' title='bbox 681 2738 788 2768; x_wconf 88' lang='lat' dir='ltr'>esse.</span> <span class='ocrx_word' id='word_1_459' title='bbox 846 2725 1092 2770; x_wconf 78' lang='lat' dir='ltr'>Prudenter</span> <span class='ocrx_word' id='word_1_460' title='bbox 1129 2735 1271 2770; x_wconf 84' lang='lat' dir='ltr'>autem</span> <span class='ocrx_word' id='word_1_461' title='bbox 1310 2727 1608 2774; x_wconf 81' lang='lat' dir='ltr'>Lachmannus</span> <span class='ocrx_word' id='word_1_462' title='bbox 1645 2737 1689 2774; x_wconf 89' lang='lat' dir='ltr'>et</span> <span class='ocrx_word' id='word_1_463' title='bbox 1728 2731 1955 2774; x_wconf 89' lang='lat' dir='ltr'>Dissenius</span> <span class='ocrx_word' id='word_1_464' title='bbox 1993 2729 2299 2777; x_wconf 68' lang='lat' dir='ltr'>versu·⁵unde-</span> 
     </span>
     <span class='ocr_line' id='line_1_40' title="bbox 128 2787 2298 2856; baseline 0.007 -25"><span class='ocrx_word' id='word_1_465' title='bbox 128 2787 241 2832; x_wconf 63' lang='lat' dir='ltr'>cano</span> <span class='ocrx_word' id='word_1_466' title='bbox 268 2790 537 2847; x_wconf 76' lang='lat' dir='ltr'>retinuerunt</span> <span class='ocrx_word' id='word_1_467' title='bbox 563 2798 694 2836; x_wconf 79' lang='lat' dir='ltr'>tunc:</span> <span class='ocrx_word' id='word_1_468' title='bbox 724 2800 768 2836; x_wconf 91' lang='lat' dir='ltr'>at</span> <span class='ocrx_word' id='word_1_469' title='bbox 794 2792 925 2837; x_wconf 88' lang='lat' dir='ltr'>iidem</span> <span class='ocrx_word' id='word_1_470' title='bbox 953 2796 999 2837; x_wconf 93' lang='lat' dir='ltr'>in</span> <span class='ocrx_word' id='word_1_471' title='bbox 1028 2797 1231 2851; x_wconf 82' lang='lat' dir='ltr'>sequenti</span> <span class='ocrx_word' id='word_1_472' title='bbox 1252 2809 1386 2839; x_wconf 84' lang='lat' dir='ltr'>versu</span> <span class='ocrx_word' id='word_1_473' title='bbox 1416 2810 1495 2839; x_wconf 88' lang='lat' dir='ltr'>cur</span> <span class='ocrx_word' id='word_1_474' title='bbox 1523 2804 1636 2851; x_wconf 83' lang='lat' dir='ltr'>tum,</span> <span class='ocrx_word' id='word_1_475' title='bbox 1666 2813 1794 2855; x_wconf 88' lang='lat' dir='ltr'>quam</span> <span class='ocrx_word' id='word_1_476' title='bbox 1818 2805 1925 2843; x_wconf 85' lang='lat' dir='ltr'>tunc</span> <span class='ocrx_word' id='word_1_477' title='bbox 1946 2798 2031 2856; x_wconf 82' lang='lat' dir='ltr'>legi</span> <span class='ocrx_word' id='word_1_478' title='bbox 2052 2799 2298 2854; x_wconf 87' lang='lat' dir='ltr'>maluerint,</span> 
     </span>
    </p>

    <p class='ocr_par' dir='ltr' id='par_1_5' title="bbox 126 2859 2296 2924">
     <span class='ocr_line' id='line_1_41' title="bbox 126 2859 2296 2924; baseline 0.005 -23"><span class='ocrx_word' id='word_1_479' title='bbox 126 2869 219 2901; x_wconf 84' lang='lat' dir='ltr'>non</span> <span class='ocrx_word' id='word_1_480' title='bbox 240 2859 472 2914; x_wconf 80' lang='lat' dir='ltr'>perspicio.</span> <span class='ocrx_word' id='word_1_481' title='bbox 529 2861 742 2917; x_wconf 88' lang='lat' dir='ltr'>Equidem</span> <span class='ocrx_word' id='word_1_482' title='bbox 771 2862 949 2920; x_wconf 73' lang='lat' dir='ltr'>Heynio</span> <span class='ocrx_word' id='word_1_483' title='bbox 970 2870 1024 2907; x_wconf 89' lang='lat' dir='ltr'>et</span> <span class='ocrx_word' id='word_1_484' title='bbox 1045 2863 1280 2907; x_wconf 86' lang='lat' dir='ltr'>Huschkio</span> <span class='ocrx_word' id='word_1_485' title='bbox 1307 2878 1398 2909; x_wconf 92' lang='lat' dir='ltr'>non</span> <span class='ocrx_word' id='word_1_486' title='bbox 1426 2880 1602 2924; x_wconf 87' lang='lat' dir='ltr'>possum</span> <span class='ocrx_word' id='word_1_487' title='bbox 1629 2869 1737 2924; x_wconf 89' lang='lat' dir='ltr'>quin</span> <span class='ocrx_word' id='word_1_488' title='bbox 1767 2869 1810 2910; x_wconf 89' lang='lat' dir='ltr'>in</span> <span class='ocrx_word' id='word_1_489' title='bbox 1838 2867 1916 2909; x_wconf 88' lang='lat' dir='ltr'>hac</span> <span class='ocrx_word' id='word_1_490' title='bbox 1944 2882 1992 2910; x_wconf 89' lang='lat' dir='ltr'>re</span> <span class='ocrx_word' id='word_1_491' title='bbox 2021 2872 2296 2913; x_wconf 84' lang='lat' dir='ltr'>consentiam.</span> 
     </span>
    </p>

    <p class='ocr_par' dir='ltr' id='par_1_6' title="bbox 127 2923 2298 2993">
     <span class='ocr_line' id='line_1_42' title="bbox 127 2923 2298 2993; baseline 0.006 -23"><span class='ocrx_word' id='word_1_492' title='bbox 127 2923 283 2971; x_wconf 75' lang='lat' dir='ltr'>Novae</span> <span class='ocrx_word' id='word_1_493' title='bbox 311 2925 574 2972; x_wconf 74' lang='lat' dir='ltr'>fallaciarum</span> <span class='ocrx_word' id='word_1_494' title='bbox 602 2931 747 2983; x_wconf 84' lang='lat' dir='ltr'>viae,</span> <span class='ocrx_word' id='word_1_495' title='bbox 761 2945 868 2988; x_wconf 87' lang='lat' dir='ltr'>quas</span> <span class='ocrx_word' id='word_1_496' title='bbox 896 2930 1103 2976; x_wconf 87' lang='lat' dir='ltr'>Tibullus</span> <span class='ocrx_word' id='word_1_497' title='bbox 1139 2934 1277 2976; x_wconf 89' lang='lat' dir='ltr'>succis</span> <span class='ocrx_word' id='word_1_498' title='bbox 1317 2936 1406 2977; x_wconf 90' lang='lat' dir='ltr'>suis</span> <span class='ocrx_word' id='word_1_499' title='bbox 1445 2941 1488 2978; x_wconf 93' lang='lat' dir='ltr'>et</span> <span class='ocrx_word' id='word_1_500' title='bbox 1525 2934 1669 2979; x_wconf 86' lang='lat' dir='ltr'>herbis</span> <span class='ocrx_word' id='word_1_501' title='bbox 1704 2934 1861 2978; x_wconf 87' lang='lat' dir='ltr'>Deliae</span> <span class='ocrx_word' id='word_1_502' title='bbox 1896 2944 2144 2993; x_wconf 83' lang='lat' dir='ltr'>aperuerat,</span> <span class='ocrx_word' id='word_1_503' title='bbox 2181 2945 2298 2984; x_wconf 86' lang='lat' dir='ltr'>recte</span> 
     </span>
    </p>
   </div>
   <div class='ocr_carea' id='block_1_3' title="bbox 1754 3003 1832 3046">
    <p class='ocr_par' dir='ltr' id='par_1_7' title="bbox 1754 3003 1832 3046">
     <span class='ocr_line' id='line_1_43' title="bbox 1754 3003 1832 3046; baseline -0.013 -16"><span class='ocrx_word' id='word_1_504' title='bbox 1754 3003 1832 3046; x_wconf 48' lang='lat'>42¹.-</span> 
     </span>
    </p>
   </div>
  </div>
 </body>
</html>
