2462 3112
1238 117 1302 157 lx

186 232 523 292 foetanpuulld»
541 230 801 275 infrandioit,
860 231 977 288 Ergo
1014 233 1061 273 in
1097 244 1249 274 earum,
1280 244 1462 287 quoque
1488 230 1752 287 Sibyllarum
1782 233 1944 286 animos
1983 233 2136 276 incola
2159 231 2353 289 Pythius

184 302 868 362 ῧὶιφὲυέιιενώεϊῇαῐὴοιίςίωτ
884 308 938 343 vet
972 298 1479 357 ipsaeuantApolliui.
1523 300 1687 342 Verum
1718 306 1767 342 ut
1796 299 1851 342 de
1879 314 2042 343 summa
2069 315 2117 343 re
2136 300 2350 344 ,Dissenio

188 372 540 419 consentia-adr
563 368 784 426 aliquanto
807 368 908 425 -plus
938 371 1061 412 etiam
1090 365 1506 411 tribuamusssverhis
1536 367 1702 410 Lucani
1731 366 1786 410 ab
1817 367 1995 424 Heynio
2026 367 2162 412 allatis
2193 369 2354 422 (Phau-

186 439 351 491 nuelsf
374 438 493 485 6642:
531 437 710 494 diraque
747 452 825 495 per
861 436 1075 494 populum
1096 435 1325 481 Cumanae
1361 436 1549 477 carmina
1577 437 1687 477 vatis
1715 434 2017 491 vulganium:
2053 435 2165 479 illud
2207 442 2350 480 tanen

184 506 464 552 ubist-’stum-
484 513 548 548 est
565 539 576 557 ‚
604 504 737 548 verba
764 504 851 548 hae
867 504 984 558 fore
1011 503 1227 546 diverunt
1255 503 1372 559 iungi
1401 517 1489 546 non
1520 517 1650 559 posse
1678 518 1772 546 cum
1802 505 1874 555 iis,
1906 516 2020 560 quae
2047 504 2259 549 hocloco
2278 504 2350 549 ‚le-

181 582 383 632 mr
401 572 616 632 quicquid
640 572 887 616 Amalthea
921 571 1035 616 dixit
1063 596 1116 609 --
1146 586 1346 629 quasque
1375 603 1385 613 .
1403 603 1412 613 .
1431 603 1441 613 .
1470 577 1619 614 sortes
1654 574 1864 630 portarit.
1918 572 2195 629 Betorquere
2232 575 2348 617 eni-

178 647 279 687 nbn
300 646 384 685 -esf
404 649 562 698 aptare.
619 641 742 697 ,Quid
779 641 853 683 illa
869 640 1060 695 ferunt,
1097 654 1254 683 annus*
1273 637 1413 683 vidit?
1429 645 1629 694 vputasne
1661 654 1711 682 ea
1741 647 1839 695 apta
1868 647 1910 683 et
1938 654 2269 696 suspensaesse
2286 656 2351 685 ¹ex

182 725 250 769 eo·
273 710 390 760 loeo,
427 725 555 767 quem
582 709 790 753 diximus?
835 710 968 752 Immo
998 723 1103 752 vero
1134 715 1261 764 poeta
1291 707 1513 762 prodigia,
1549 722 1662 763 quae
1701 707 1849 763 paullo
1887 715 1985 750 ante
2023 707 2188 751 bellum
2224 709 2349 753 civile

181 779 385 825 causaris
418 786 463 822 et
491 779 686 835 Pompeii
723 785 769 821 et
802 777 884 820 sub
914 791 1065 820 necem
1095 776 1294 820 Caesaris
1330 777 1492 818 animos
1530 775 1749 818 hominum
1786 775 1996 832 religione
2027 792 2077 819 ac
2105 785 2221 820 metu
2249 792 2349 835 per-

182 847 405 898 minimi,
426 845 635 890 breviter
662 853 827 897 narrat,
860 853 908 888 ut
927 845 1125 895 doceat,
1150 847 1233 886 iam
1262 845 1478 894 evenisse,
1517 859 1628 900 quae
1659 843 1714 886 ab
1743 844 1826 887 illis
1857 844 2025 888 vatibus
2056 853 2198 888 essent
2226 860 2350 903 prae-

179 915 776 962 ‹liutmffssxssveritate-enim
805 913 1013 957 librorum
1044 912 1357 969 Sibyllinorum
1387 911 1631 956 sacerdotio
1662 927 1870 969 augurum
1900 915 2130 956 auctoritas
2161 916 2348 958 accessit.

183 983 347 1030 Nullo„
369 991 512 1027 autem
551 988 682 1040 paeto
727 983 832 1025 haec
876 997 972 1025 cum
1015 981 1097 1024 illis
1133 980 1417 1032 Amaltheae,
1460 980 1720 1036 Herophiles
1764 989 1807 1023 et
1845 979 2071 1024 Albuneae
2117 982 2347 1039 praedictis

183 1055 302 1109 iungi
330 1059 548 1109 poterant,
586 1053 670 1095 nisi
696 1051 800 1107 quid
830 1050 1022 1093 additum
1055 1056 1199 1099 esset,
1222 1064 1272 1091 ex
1303 1063 1391 1105 quo
1425 1056 1778 1105 cognosceretur,
1808 1051 1942 1092 tristia
1973 1065 2025 1091 ac
2051 1050 2145 1092 dira
2175 1051 2251 1093 has
2280 1051 2346 1094 Si-

182 1121 328 1178 byllas
355 1123 597 1165 vaticinatas
627 1134 730 1162 esse.
767 1118 913 1161 Multo
942 1120 1070 1174 igitur
1098 1120 1275 1170 rectius,
1305 1132 1431 1174 quam
1454 1118 1678 1167 Muretus,
1705 1120 1749 1160 in
1781 1120 1901 1160 cuius
1932 1125 2072 1161 tamen
2103 1121 2350 1175 opinionem

183 1190 345 1235 nollem
371 1189 597 1233 insultasse
624 1187 913 1238 Huscbkium,
951 1188 1150 1243 Heyuius
1180 1186 1307 1236 vidit,
1347 1187 1552 1230 excidisse
1582 1186 1811 1238 nonnulla,
1852 1201 1964 1243 quae
2002 1194 2157 1244 poetae
2187 1187 2348 1232 aditum

183 1260 510 1309 facerent-,tom
532 1271 644 1314 quae
680 1256 875 1307 diximus,
906 1255 1101 1311 prodigia
1132 1255 1344 1298 narrandi.
1375 1254 1445 1297 Ab
1477 1256 1830 1310 interpretatione
1858 1257 2056 1298 nimirum
2084 1258 2351 1300 vaticinatio-

181 1340 284 1371 num
311 1326 645 1382 Sibyllinarum,
674 1325 729 1367 ad
761 1339 886 1380 quam
916 1330 1043 1379 poeta
1072 1323 1352 1366 Messalinum
1385 1323 1440 1364 ab
1470 1325 1566 1379 ipso
1597 1323 1801 1379 Apolline
1830 1325 1995 1367 institui
2023 1324 2179 1376 voluit,
2210 1327 2347 1369 oratio

180 1394 562 1452 ad'prodigiorum
594 1395 960 1450 procurationem,
995 1407 1108 1448 quae
1137 1394 1181 1434 in
1208 1392 1359 1434 iisdem
1389 1391 1512 1434 libris
1546 1391 1768 1447 Sibyllinis
1805 1394 1996 1449 exposita
2025 1400 2134 1444 erat,
2164 1394 2350 1437 traduci>-

181 1471 265 1508 tm.
323 1464 548 1506 Restatvut
574 1462 762 1506 dicamus
794 1460 850 1503 de
879 1459 1023 1503 verbis
1054 1476 1252 1518 quasque
1281 1459 1468 1503 Albana
1495 1475 1652 1503 sacras
1683 1460 1851 1503 Tiberis
1876 1477 1960 1517 per·
1975 1461 2174 1513 flumina
2201 1469 2351 1505 sortes

179 1559 219 1576 ,ω
237 1530 624 1589 ..pertuleritque
659 1533 772 1573 sinu.
832 1531 975 1581 Varia,
993 1531 1203 1585 scriptura
1234 1536 1298 1590 est
1327 1527 1560 1586 quodque,
1601 1543 1801 1585 quosque
1831 1536 1872 1571 et
1906 1529 2135 1586 perluerit.
2199 1530 2250 1572 In
2281 1545 2350 1572 ex—

179 1602 340 1656 cerptis
371 1600 487 1655 Lips.
516 1597 691 1654 legitur:
722 1613 920 1655 quasque
949 1598 1132 1639 Aniena
1161 1611 1318 1639 sacras
1353 1596 1511 1639 Tiburs
1539 1610 1622 1652 pet·
1639 1597 1838 1647 flumina
1866 1603 2016 1639 sortes
2042 1600 2241 1654 portarit
2270 1605 2350 1642 cet.

177 1667 406 1712 Penluerit
423 1669 618 1722 ineptum
648 1679 758 1715 esse,
788 1672 977 1720 apparet.
1007 1679 1076 1706 res
1098 1664 1259 1708 clamat.
1280 1664 1442 1706 Varro:
1475 1663 1640 1706 decima
1673 1672 1759 1715 est,
1783 1666 1941 1721 inquit,
1966 1665 2144 1716 Tiburs,
2176 1670 2349 1710 nomine

180 1735 545 1791 Albunea,t'quae
567 1733 721 1776 Tiburi
751 1732 906 1775 colitur
935 1739 983 1773 ut
1016 1731 1114 1782 dea,
1145 1734 1259 1773 iuxta
1290 1732 1404 1787 ripas
1426 1732 1622 1781 Anienis,
1661 1734 1782 1773 cuius
1811 1735 1856 1773 in
1885 1734 2050 1789 gurgite
2080 1733 2350 1777 simulacrum

179 1805 522 1848 eiusinventum
555 1815 647 1844 esse
680 1799 851 1851 dicitur,
883 1807 1034 1842 tenens
1058 1801 1101 1841 in
1123 1813 1251 1841 manu
1281 1798 1458 1841 librum:
1490 1802 1611 1841 cuius
1642 1806 1780 1842 sortes
1811 1807 1986 1843 senatus
2014 1803 2059 1843 in
2085 1801 2349 1858 Capitolium

182 1871 411 1916 transtulit.
468 1871 588 1912 Haec
617 1870 774 1910 Varro.
820 1868 970 1924 Itaque
1006 1869 1088 1909 viri
1123 1867 1240 1909 docti
1269 1871 1462 1910 certatim
1496 1883 1571 1919 ea,
1608 1882 1719 1924 quae
1748 1869 1945 1924 Excerpt.
1975 1869 2088 1925 Lips.
2120 1870 2348 1926 praebent,

180 1941 367 1998 amplexi
394 1946 504 1982 sunt.
566 1937 899 1982 Coniunctivum
935 1935 1169 1978 verborum
1199 1939 1399 1991 portarit
1436 1943 1479 1978 et
1511 1936 1751 1992 pertulerit
1780 1936 2027 1980 Huschkius
2063 1940 2120 1980 ita
2150 1938 2349 1995 explicat,

179 2008 479 2054 ut'l'ibullum
519 2006 634 2049 dicat
671 2006 778 2048 hanc
815 2020 900 2047 rem
939 2012 1138 2060 tanquam
1179 2002 1321 2046 fictam
1362 2003 1609 2046 dubitanter
1637 2019 2004 2048 commemorasse.
2063 2006 2152 2049 Sed
2183 2013 2230 2049 ut
2264 2009 2348 2051 iam

178 2079 313 2122 finem
334 2078 491 2120 zfaoiam
521 2075 575 2117 de
604 2075 687 2116 hoc
715 2073 814 2115 loco
837 2074 1103 2116 vexatissimo
1134 2071 1322 2122 dicendi,
1364 2072 1647 2115 coniectando
1678 2075 1713 2115 is
1745 2073 1867 2116 loeus
1899 2076 2040 2116 sanari
2070 2089 2161 2117 nou
2191 2083 2348 2131 potest.

179 2148 348 2190 Etenim
380 2160 475 2188 cum
506 2144 629 2187 locus
659 2142 838 2185 claudus
871 2149 912 2183 et
942 2140 1115 2182 mutilus
1146 2143 1228 2191 sit,
1268 2139 1372 2182 nihil
1402 2139 1537 2182 habes
1569 2143 1700 2191 certi,
1741 2155 1830 2197 quo
1865 2144 2154 2186 coniecturam
2181 2143 2347 2201 dirigas.

176 2213 366 2272 optabis
386 2216 527 2269 -magis
547 2246 558 2264 ,
598 2227 723 2268 quam
762 2212 954 2252 invenies
972 2243 981 2259 ‚
1018 2208 1137 2266 quod
1170 2223 1315 2264 speres
1346 2208 1440 2250 fore
1468 2215 1515 2251 ut
1545 2208 1637 2252 aliis
1667 2208 1890 2264 probetur.
1947 2210 2058 2254 Satis
2086 2213 2215 2268 igitur
2248 2216 2350 2265 erit,

177 2284 433 2340 dispexisse,
463 2282 606 2325 dicere
636 2286 828 2336 poetam:
860 2277 1065 2334 quicquid
1096 2276 1336 2327 Amalthea,
1367 2277 1574 2333 quiequid
1604 2277 1868 2334 Marpessia,
1909 2279 2114 2336 quicquid
2144 2279 2346 2324 Albunea

178 2352 262 2396 diri
302 2350 406 2394 olim
442 2351 668 2392 vaticinata
711 2355 851 2399 esset,
891 2346 935 2389 id
974 2360 1021 2389 se
1062 2345 1117 2388 ab
1147 2344 1354 2401 Apolline
1393 2344 1506 2387 velle
1544 2348 1690 2387 averti.
1724 2370 1776 2376 -—
1818 2360 1854 2387 v.
1888 2347 1939 2388 71
1972 2361 2064 2403 sqq.
2106 2347 2208 2391 Hae
2226 2348 2345 2402 fore

179 2420 397 2464 dixerunt
425 2417 528 2462 belli
556 2417 677 2460 mala
706 2419 838 2474 signa
871 2421 1073 2458 cometen
1096 2439 1147 2448 —
1168 2415 1508 2470 praemonuisse
1537 2412 1685 2456 boves.
1716 2413 1834 2456 Num
1863 2412 1950 2457 hae
1978 2430 2031 2457 an
2060 2413 2171 2458 haec
2200 2415 2348 2473 legen-

179 2489 282 2532 dum
312 2491 384 2538 sit,
414 2485 592 2529 dubium
623 2492 709 2527 est:
739 2482 1007 2540 probabilius
1038 2490 1197 2533 tamen,
1228 2497 1369 2523 veram
1400 2483 1651 2538 scripturam
1682 2496 1774 2524 esse
1803 2481 1899 2525 hae.
1930 2483 2046 2526 Dicit
2075 2485 2184 2529 enim
2213 2492 2346 2540 poeta

181 2558 268 2600 hoc
297 2555 469 2613 quidem
501 2554 624 2603 loco,
654 2553 709 2596 de
738 2553 802 2595 his
828 2552 1033 2609 prodigiis
1064 2553 1281 2594 monuisse
1312 2549 1414 2592 olim
1446 2549 1654 2606 sibyllas:
1695 2550 1851 2593 deinde
1884 2553 1976 2607 ipsa
2005 2551 2201 2608 prodigia
2230 2567 2347 2598 com—

181 2632 406 2667 memorat:
444 2623 660 2679 denique,
700 2620 744 2663 id
782 2620 902 2677 quod
932 2627 1059 2677 caput
1090 2627 1154 2661 est
1184 2619 1313 2660 totius
1341 2617 1444 2668 loci,
1482 2625 1700 2674 precatur,
1731 2625 1778 2660 ut
1807 2618 1968 2675 Apollo
2000 2634 2050 2662 ea
2080 2629 2345 2668 averruncet.

180 2692 310 2748 Quae
332 2693 467 2747 ¹igitur
495 2706 521 2733 a
550 2689 695 2733 verbis
732 2689 887 2744 Atque
919 2687 1047 2730 tubas
1075 2694 1210 2743 atque
1239 2701 1366 2728 arma
1384 2685 1553 2739 serunt
1584 2701 1722 2743 usque
1751 2686 1807 2730 ad
1835 2685 1970 2729 verba
2000 2687 2126 2731 Haec
2143 2687 2346 2741 fuerant

181 2762 290 2806 olim
319 2763 509 2817 exposita
539 2767 655 2812 sunt,
686 2766 816 2816 poeta
846 2772 934 2800 non
966 2765 1013 2800 ut
1042 2756 1261 2814 praedicta
1292 2769 1316 2796 a
1339 2753 1518 2810 sibyllis
1547 2755 1695 2805 affert,
1726 2754 1868 2811 qualia
1896 2754 1969 2796 illa
1997 2761 2095 2797 sunt
2122 2754 2208 2801 hae
2225 2756 2345 2811 sore

180 2829 397 2873 dixerunt
433 2835 540 2879 cet„
581 2827 658 2870 sed
697 2827 927 2869 narratoris
968 2827 1059 2881 ipse
1096 2832 1237 2881 partes
1268 2825 1456 2878 suscipit.
1516 2823 1635 2866 Haec
1664 2820 1719 2865 de
1750 2829 1842 2865 toto
1879 2822 1997 2864 loco:
2034 2837 2150 2865 nuno
2178 2825 2344 2883 singula

179 2899 475 2940 examinemus.
507 2916 568 2926 -ε
601 2910 640 2936 v.
672 2895 738 2937 71.
778 2893 866 2936 hae
890 2891 1008 2946 sore
1042 2891 1254 2935 dixerunt
1293 2890 1396 2934 belli
1432 2891 1551 2933 mala
1587 2893 1721 2949 signa
1761 2896 1964 2934 cometen
1992 2890 2169 2936 Multus
2208 2899 2261 2939 ut,
2295 2896 2344 2940 ἱη

179 2972 331 3008 terras
369 2963 685 3020 deplueretque
725 2961 865 3018 lapis:
909 2962 1041 3002 miror
1061 2992 1072 3011 ,
1105 2962 1139 3003 si
1173 2962 1230 3002 ita
1269 2961 1435 3015 scripsit
1471 2958 1686 3002 Tibullus.
1744 2959 1855 3001 Nam
1898 2966 1940 3002 et
1976 2964 2255 3006 constructio·
2276 2968 2345 3008 eet

1800 3026 1826 3065 2
