2462 3112
1147 112 1297 153 xxm

129 227 453 275 vorbisNulla
480 228 558 272 tibi
579 225 780 271 adversis·
806 230 933 286 regio
964 243 1014 271 se
1037 226 1215 282 offeret
1239 229 1376 271 armis
1405 227 1805 284 comprehendatur.
1837 229 1989 272 Paullo
2019 240 2146 287 supra
2177 236 2307 287 poeta

133 299 260 343 dixit:
290 308 380 341 non
412 296 583 347 Gallia,
613 303 702 339 non
725 298 955 354 Hispania,
988 310 1078 339 non
1111 295 1356 353 Cyrenaica
1387 292 1430 337 te
1461 294 1770 339 remorabitur:
1800 305 1887 340 tum
1914 300 2305 356 ‘variatworatione

132 367 496 423 additsffanua
525 364 679 416 Nilus,
711 365 959 421 Choaspes,
992 364 1199 422 Gyndes,
1229 365 1411 414 Araxes,
1446 365 1664 416 Padaeus,
1694 366 1823 417 Ister,
1855 366 2012 409 Tanais
2042 367 2154 418 fluit,
2183 367 2305 411 deni-

134 451 230 494 que
250 434 558 493 quaOoeanus
581 432 729 476 orbem
759 441 964 476 terrarum
993 433 1143 484 ambit,
1173 431 1257 474 ulla
1280 447 1382 488 gens
1414 447 1510 475 sese
1543 432 1622 475 tibi
1650 433 1841 476 adversis
1871 436 1994 477 armis
2022 435 2186 478 offeret.
2215 436 2304 479 Pro

131 501 275 548 num.
293 515 397 546 sane
428 501 656 544 dicendum
691 509 780 545 erat
807 501 923 543 ullaz
952 501 1030 543 sed
1061 500 1146 542 vid.
1180 515 1218 542 V.
1250 501 1332 541 127
1362 508 1403 543 et
1436 501 1530 544 164.
1569 501 1688 544 Male
1717 504 1840 545 etiam
1869 519 1907 546 v.
1939 503 2034 546 144.
2062 520 2152 562 qua
2178 507 2307 548 omis-

128 572 225 616 sum
246 578 323 614 est.
353 570 462 614 Sunt
485 578 525 612 et
554 569 635 612 alia
663 570 747 612 hoc
777 569 896 620 loco,
928 568 1085 626 quibus
1119 576 1340 625 appareat,
1370 569 1470 611 huic
1500 577 1655 626 poetae
1687 578 1727 612 et
1756 573 1968 628 ingenium
1999 579 2041 615 et
2070 579 2202 615 artem
2231 573 2306 616 de-

131 640 277 683 fuisse.
298 659 361 672 “-
397 654 437 682 ν.
466 640 561 681 151.
601 637 884 691 Circumfuso
917 639 1122 681 consistit
1154 640 1201 679 in
1233 652 1337 679 aere
1373 638 1519 681 tellus.
1579 639 1777 695 Heynius
1812 642 2063 697 scripturam
2093 641 2305 697 vulgatam

129 708 265 751 modo
295 715 458 760 tuetur,
494 707 624 750 modo
656 707 824 749 deserit.
885 708 1024 748 Etiam
1057 705 1332 758 Huschkius‚
1369 709 1445 749 etsi
1477 708 1684 750 Martiani
1717 708 1927 764 Capellae
1958 708 2107 761 verba,
2145 709 2303 767 quibus

131 779 338 821 consistit
364 776 576 827 firmatur,
614 777 706 831 ipse
736 775 895 826 attulit,
923 776 1089 817 Heinsii
1118 783 1259 817 tamen
1291 775 1577 818 emendationi
1602 776 1794 819 considit
1820 777 2027 820 calculum
2053 778 2206 822 adiicit.
2247 780 2306 822 At

135 845 342 888 consistit
378 852 423 887 et
459 843 668 887 librorum
701 847 954 886 auctoritate
997 852 1079 886 stat
1119 851 1160 886 et
1198 858 1246 886 re
1286 858 1336 885 ac
1366 845 1530 886 ratione
1570 845 1791 901 probatur.
1851 846 1948 888 Iure
1986 848 2114 903 igitur
2140 846 2248 890 illud
2279 862 2305 889 a

134 914 407 957 Lachmanno
440 921 482 956 et
502 913 706 955 Dissenio
738 919 951 954 servatum
984 919 1061 955 est.
1085 938 1138 946 -
1167 928 1206 954 v,
1231 912 1325 954 157.
1355 913 1647 956 Vehementer
1678 913 1852 965 dubito,
1883 929 1983 957 num
2013 918 2187 958 omnino
2220 916 2304 958 dici

130 984 267 1040 possit
291 980 372 1024 Sol
395 989 525 1024 ortus
556 997 693 1038 super
721 983 897 1039 ingerit.
931 980 1059 1024 Conf.
1080 981 1200 1037 Virg.
1225 981 1300 1032 lV,
1334 981 1428 1022 119.
1457 980 1588 1024 Ovid.
1617 983 1722 1025 Met.
1747 983 1853 1034 VII,
1885 984 1980 1026 663.
2012 985 2145 1026 Recte
2175 985 2306 1040 igitur

130 1051 429 1094 Lachmannus
467 1058 507 1093 et
537 1050 763 1092 Dissenius
806 1064 854 1091 ex
886 1048 1006 1092 libris
1037 1050 1251 1092 dederunt
1280 1065 1417 1107 super
1446 1053 1590 1108 egerit
1621 1058 1763 1094 ortus.
1804 1052 1976 1095 Dictum
2005 1053 2175 1095 videtur
2210 1067 2304 1095 esse

129 1119 187 1162 ad
217 1119 533 1162 similitudinem
564 1118 794 1161 locutionis
826 1133 998 1169 currus,
1037 1132 1197 1174 equOS,
1238 1133 1387 1160 cursus
1419 1133 1570 1176 agere.
1628 1120 1676 1161 ln
1705 1112 2067 1177 subsequentibus
2097 1123 2306 1178 exsurgit

131 1189 277 1246 potius
309 1202 423 1239 esse,
453 1203 577 1244 quam
609 1189 868 1246 consurgit,
896 1190 986 1243 ipsa
1014 1202 1083 1228 res
1113 1186 1252 1228 docet.
1275 1210 1329 1217 -—
1354 1203 1393 1228 v.
1427 1187 1520 1229 167.
1557 1187 1680 1240 Quas
1710 1192 1934 1248 utrimque
1966 1197 2122 1232 tenens
2150 1189 2303 1232 similis

128 1258 291 1300 vicinia
321 1256 446 1298 caeli.
497 1255 567 1298 Sic
597 1255 896 1297 Broukhusius
928 1271 976 1297 ex
1006 1253 1144 1297 tribus
1175 1254 1317 1307 libris,
1355 1270 1464 1311 quos
1497 1257 1794 1299 Lachmannus
1826 1259 1926 1301 dicit
1955 1260 2161 1315 pessimos
2192 1272 2304 1310 esse,

130 1324 377 1381 divulgavit.
434 1323 680 1366 Huschkius
719 1339 767 1366 ex
797 1324 907 1384 ΑΜ..
927 1324 1038 1366 1515
1075 1324 1240 1366 similes
1278 1327 1513 1380 repositum
1544 1325 1648 1367 vult.
1707 1328 1764 1368 At
1800 1327 1883 1369 hoc
1912 1327 2042 1369 modo
2073 1327 2116 1370 id
2146 1330 2303 1383 ipsum,

128 1392 250 1450 quod
281 1400 409 1450 caput
443 1401 506 1434 est
534 1395 667 1434 totius
698 1396 782 1440 rei,
812 1385 1229 1448 praetermitteretur.
1260 1393 1524 1448 Exponenda
1558 1397 1668 1436 enim
1701 1409 1848 1437 caussa
1885 1403 1993 1447 erat,
2025 1395 2304 1452 quamobrem

129 1461 236 1503 haec
261 1475 371 1502 zona
401 1468 634 1516 temperata
667 1470 791 1503 esset.
823 1461 1112 1504 Retinendum
1146 1475 1248 1517 ergo
1278 1462 1442 1503 similis.
1474 1462 1543 1504 De
1573 1463 1784 1518 producta
1817 1463 1985 1519 syllaba
2014 1464 2113 1506 vide
2133 1464 2303 1506 Dissen.

129 1529 185 1572 ad
213 1529 254 1572 h.
285 1529 312 1571 l.
342 1552 397 1562 —
436 1544 474 1571 v.
506 1530 600 1573 168.
631 1530 777 1571 Vossii
813 1537 864 1571 ut
894 1536 1107 1588 —pnecet
1145 1529 1321 1586 probari
1351 1544 1440 1572 non
1472 1539 1640 1586 potest:
1681 1531 1809 1574 docet
1849 1534 1969 1574 enim‘
1997 1541 2152 1589 poeta,
2187 1532 2304 1574 unde

128 1598 238 1640 haec
275 1599 503 1653 temperies
542 1606 751 1640 nascatur.
800 1598 1011 1640 Particula
1052 1604 1097 1640 et
1133 1594 1267 1640 vicem
1306 1599 1544 1654 particulae
1583 1601 1784 1642 caussalis
1823 1604 2012 1643 sustinet.
2042 1626 2096 1632 -—
2137 1616 2174 1643 v.
2207 1601 2302 1642 175.

126 1666 204 1709 ubi
219 1666 486 1724 praeclaros
507 1668 640 1709 ierint
659 1673 740 1708 tua
757 1666 899 1720 facta
923 1665 1183 1724 triumphos,
1213 1666 1401 1723 Vulgata
1433 1675 1495 1709 est
1511 1670 1778 1724 praeclaros
1798 1676 2003 1726 poscent:
2035 1683 2160 1724 quam
2184 1668 2305 1723 Hey-

127 1736 226 1777 nius
256 1735 371 1776 haud
401 1734 681 1790 spernendam
713 1735 881 1777 iudicat.
912 1737 970 1777 At
992 1749 1096 1776 vero
1128 1740 1258 1789 poeta
1280 1733 1509 1775 Messalam
1539 1735 1639 1778 dicit
1668 1751 1758 1778 non
1788 1744 1885 1778 ante
1915 1736 2192 1792 triumphum,
2225 1733 2303 1776 sed

128 1809 229 1859 post
258 1802 513 1857 triumphum
546 1809 701 1843 tantam
732 1804 914 1843 nominis
946 1802 1098 1844 famam
1130 1809 1459 1844 consecuturum
1492 1818 1598 1846 esse.
1649 1804 1697 1846 In
1733 1804 1883 1846 codice
1915 1805 2063 1848 Cuiac.
2098 1805 2302 1860 scriptum

130 1878 198 1912 est
229 1870 496 1927 praeclaros
530 1871 679 1911 ierint:
716 1886 764 1912 ex
803 1871 882 1911 hac
915 1873 1125 1926 scriptura
1161 1870 1349 1927 Scaliger
1386 1871 1554 1913 refinxit
1590 1887 1673 1929 per
1711 1873 1863 1916 claros
1899 1875 2041 1916 ierint.
2086 1871 2178 1914 Cic.
2218 1885 2300 1928 pro

127 1937 270 1980 Balbo
301 1953 366 1994 cp.
397 1939 435 1980 2.
483 1940 676 1995 Pompeii
713 1954 782 1980 res
812 1945 955 1995 gestae
987 1952 1134 1979 omnes
1175 1946 1321 1994 gentes
1363 1954 1458 1981 cum
1498 1940 1725 1982 clarissima
1753 1944 1931 1984 victoria
1968 1949 2080 1984 terra
2109 1942 2302 1996 marique

126 2014 421 2064 peragrarunt.
473 2007 562 2048 Liv.
592 2007 669 2059 35,
704 2008 775 2048 12:
817 2014 1154 2063 peragratusque
1187 2007 1304 2050 orbis
1335 2015 1543 2050 terrarum
1574 2012 1764 2052 victoriis
1797 2013 1887 2053 eius
1918 2012 2051 2067 gentis
2082 2008 2302 2051 refereba-

127 2084 213 2120 tur.
263 2077 413 2132 ltaque
446 2083 519 2118 aut
553 2077 760 2118 sententia
800 2084 883 2118 est:
922 2075 1109 2118 Messala
1146 2078 1191 2118 in
1222 2084 1409 2133 utroque
1450 2077 1557 2120 orbe
1594 2082 1824 2135 reportatis
1863 2081 2052 2121 victoriis
2092 2077 2300 2134 belloque

127 2145 253 2188 finito
283 2147 458 2201 magnus
499 2144 667 2187 dicetur
696 2152 768 2187 aut
806 2147 840 2186 si
867 2146 967 2187 iusti
999 2145 1202 2200 triumphi
1233 2145 1422 2187 honores
1458 2155 1587 2202 poeta
1627 2145 1802 2204 intelligi
1832 2147 1994 2198 voluit,
2029 2161 2112 2204 per
2149 2147 2302 2190 claros

127 2216 195 2256 ire
212 2213 355 2268 facta
382 2211 631 2270 triumphos
661 2213 818 2255 dictum
856 2221 943 2264 est,
975 2215 1093 2270 quia,
1134 2229 1229 2256 cum
1260 2214 1432 2256 urbium
1461 2223 1699 2271 captarum,
1732 2216 2021 2268 castellorum,
2051 2216 2300 2267 fluviorum,

126 2284 334 2324 montium
365 2281 585 2323 simulacra
616 2281 671 2323 ad
706 2282 1086 2338 repraesentandas
1116 2297 1182 2324 res
1212 2290 1347 2339 gestas
1379 2285 1775 2335 transveherentur,
1815 2285 1921 2326 facta
1952 2287 2042 2340 ipsa
2073 2286 2192 2341 quasi
2220 2299 2300 2341 per

128 2350 386 2406 triumphum
416 2348 548 2392 ibant.
579 2350 724 2392 Altera
756 2358 896 2392 tamen
927 2353 1226 2407 interpretatio
1257 2353 1356 2394 mihi
1378 2355 1506 2409 magis
1535 2353 1757 2410 probatur.
1791 2354 2086 2395 Lachmannus
2117 2354 2302 2396 coniecit

126 2421 299 2463 etet-int.
346 2416 543 2461 Nomine
585 2418 856 2477 triumphum
895 2421 1000 2462 cieri
1031 2434 1079 2462 ex
1111 2420 1236 2461 Livio
1275 2428 1423 2462 notum
1462 2428 1537 2464 est.
1601 2421 1687 2464 Sed
1728 2422 1811 2464 hoc
1840 2422 1924 2463 huc
1952 2421 2055 2464 nihil
2094 2423 2299 2478 pertinet:

115 2486 262 2541 facta
293 2493 431 2528 autem
466 2487 584 2528 cient
614 2486 866 2545 triumphos
895 2502 996 2529 num
1029 2490 1123 2544 quis
1154 2494 1346 2530 veterum
1376 2505 1450 2541 ea,
1490 2505 1599 2546 quae
1637 2491 1720 2532 hoc
1752 2489 1851 2533 loco
1881 2492 2135 2546 requiritur,
2175 2491 2302 2546 signi-

128 2555 330 2599 ficatione
365 2556 536 2607 dixerit,
567 2560 734 2598 nescire
762 2572 828 2598 me
859 2558 1011 2600 fateor.
1044 2582 1097 2592 —
1138 2573 1176 2600 v,
1212 2558 1306 2600 180.
1346 2558 1430 2601 Est
1460 2557 1560 2610 tibi,
1595 2561 1670 2616 qui
1697 2561 1839 2617 possit
1870 2561 2046 2617 magnis
2073 2574 2123 2601 se
2153 2561 2300 2602 accin-

127 2638 241 2682 gere
269 2624 411 2667 rebus.
442 2625 505 2666 Ex
536 2626 599 2667 his
623 2624 822 2667 versibus
850 2626 1048 2682 profecto
1078 2627 1184 2669 nihil
1215 2627 1410 2682 equidem
1444 2627 1647 2683 dispicio,
1676 2630 1756 2669 nisi
1786 2635 1956 2683 poetam
1987 2629 2109 2668 istum
2140 2627 2297 2683 Valgio

127 2699 290 2735 tantum
330 2691 547 2744 tribuisse,
587 2700 633 2735 ut
675 2708 769 2734 eum
811 2696 1066 2737 existimaret
1103 2709 1232 2750 posse
1255 2728 1264 2745 ,
1304 2698 1339 2737 si
1377 2695 1539 2746 vellet,
1584 2710 1653 2737 res
1691 2710 1714 2736 a
1756 2695 1944 2738 Messala
1984 2702 2119 2750 gestas
2156 2695 2300 2737 dicere

128 2761 301 2816 optime.
353 2759 725 2815 Quemadmodum
756 2776 861 2804 vero
904 2778 953 2803 ex
986 2766 1036 2806 iis
1067 2766 1221 2806 coniici
1252 2766 1415 2819 possit,
1447 2763 1648 2820 Valgium
1683 2778 1851 2806 carmen
1887 2765 2050 2820 epicum
2082 2777 2170 2805 non
2200 2778 2298 2820 per-

129 2829 281 2871 fecisse
311 2827 506 2884 quidem‚
536 2830 611 2872 sed
642 2831 863 2873 inchoasse
894 2837 1055 2883 tamen,
1087 2846 1175 2874 non
1206 2833 1345 2874 video.
1380 2832 1529 2888 Itaque
1561 2833 1807 2875 Weicherti
1837 2834 1984 2887 opinio
2015 2831 2114 2872 mihi
2144 2833 2295 2888 magis,

129 2911 255 2954 quam
285 2898 474 2938 Dissenii
508 2897 729 2953 probatur.
768 2900 977 2941 Aeterno
1015 2907 1157 2942 autem
1188 2899 1389 2942 Homero
1421 2900 1580 2942 dictum
1615 2907 1696 2951 est,
1736 2907 1781 2941 ut
1816 2899 1966 2942 Ovidii
1994 2899 2102 2942 illud
2134 2902 2212 2954 (A.
2242 2901 2294 2942 A.

126 2965 210 3017 111,
240 2965 376 3019 413.):
414 2965 513 3007 Ilias
544 2974 760 3009 aeternum
791 2970 826 3009 si
851 2967 1042 3010 latuisset
1074 2982 1197 3024 opus.
1229 2992 1282 3000 —
1314 2983 1352 3009 v.
1386 2968 1467 3009 181
1511 2967 1573 3009 Ut
1604 2966 1812 3011 collocata
1844 2975 1907 3011 est
1939 2967 2146 3025 particula
2177 2972 2294 3021 nort,
