2462 3112
1163 85 1291 126 XXII

156 201 309 259 epulas
340 199 568 243 iucundam
603 201 753 250 excitat
787 201 1006 259 imaginem
1042 202 1171 247 herae
1199 205 1283 248 hoc
1312 206 1544 250 ministerio
1585 206 1810 266 fungentis.
1849 233 1902 243 —
1957 209 2303 258 v.37.1aetat

158 269 377 314 odoratos
405 276 514 312 vota
541 284 624 326 per
642 269 897 315 Armenios.
944 271 1010 314 Ex
1038 273 1178 316 Plinio
1211 274 1332 328 (Nat.
1343 275 1456 318 Hist.
1471 274 1562 319 XII.
1581 275 1665 330 28)
1694 276 1910 330 discimus,
1938 293 2149 322 amomum
2177 280 2314 324 etiem

153 340 199 381 in
230 352 280 381 ea
306 338 530 380 Armeniae
557 338 695 394 parte,
734 353 844 395 quae
877 338 1025 383 Otene
1054 347 1208 383 vocata
1238 348 1320 394 est,
1355 349 1398 385 et
1421 344 1466 385 in
1495 343 1643 386 Media
1672 350 1714 387 et
1741 347 1787 387 in
1814 344 1954 389 Ponto
1983 348 2112 390 nasci.
2170 348 2324 390 Prae-

153 407 451 449 stantissimum
489 405 535 448 id
572 420 782 448 amomum
819 406 969 460 fuisse,
1011 422 1063 451 ex
1097 408 1223 450 Plinii
1257 408 1400 451 verbis
1439 409 1581 466 colligi
1619 412 1770 467 nequit
1809 413 1919 466 (vid.
1947 414 2077 456 Voss.
2106 413 2162 456 ad
2180 415 2302 471 Virg.

153 473 299 530 Eclog.
321 473 396 516 IV.
417 474 512 528 25).
570 474 769 531 Heynius
806 471 1024 528 dubitans,
1064 490 1165 534 num
1199 483 1327 533 poeta
1363 478 1446 520 hoc
1481 484 1565 520 tam
1604 485 1799 522 accurate
1835 482 2038 537 tenuerit,
2074 482 2300 526 Armenios

155 541 383 584 arbitratur
417 542 657 584 nominatos
685 557 778 584 esse
807 557 888 599 pro
919 542 1010 586 aliis
1040 542 1232 587 Orientis
1258 544 1430 601 populis
1460 544 1785 603 traductumque
1814 546 1869 589 ad
1901 561 1976 590 eos
2007 547 2061 590 ab
2084 548 2301 601 Arabibus

154 617 196 654 et
224 609 346 667 Syris
387 610 602 667 epitheton
641 609 874 654 odoratos.
930 611 997 654 Ac
1033 611 1176 654 solent
1205 625 1308 654 sane
1348 619 1502 668 poetae
1527 628 1607 670 pro
1638 628 1794 670 genere
1828 621 1990 670 partem
2020 615 2206 672 aliquam
2233 628 2304 659 re-

153 691 336 734 ponere,
376 677 455 720 sed
486 677 721 734 prudenter
751 685 794 721 et
823 693 918 721 cum
948 678 1136 731 delectu,
1170 679 1287 722 velut
1316 694 1412 722 cum
1441 680 1707 736 gravissimos
1739 680 1884 723 hostes
1913 682 2209 726 Romanorum
2236 683 2303 726 in-

152 746 285 803 telligi
312 745 481 798 volunt,
514 743 662 787 Gallos
686 752 759 788 aut
778 745 959 789 Parthos
987 749 1227 799 nominant,
1256 748 1292 790 si
1324 745 1619 790 remotissimas
1650 754 1817 805 gentes,
1847 747 1997 801 Seres,
2026 750 2177 803 Indos,
2204 750 2302 793 Briq
2333 747 2336 750 ’

153 810 325 863 tannos3
353 814 389 855 si
410 811 620 855 barbaros
641 812 750 855 fines
780 816 945 858 romani
972 815 1136 873 imperii
1164 815 1480 858 incursionibus
1509 823 1731 867 vexantes,
1761 816 1927 869 Dacos,
1959 817 2172 870 Gelonos,
2202 817 2302 860 Sar-

151 889 299 932 matas;
329 882 365 923 si
384 882 515 923 maria
536 881 776 938 procellosa
798 882 966 943 Syrtes,
995 883 1150 926 fretum
1170 883 1379 936 Siculum,
1409 883 1632 936 Hadriam,
1662 898 1779 926 mare
1811 883 2107 941 Carpathium3
2135 887 2172 928 si
2190 884 2300 929 altos

152 956 337 1002 montes,
366 949 525 1006 AlpeS,
552 950 784 1006 Niphaten,
817 946 1058 995 Caucasum
1088 959 1189 1003 cet.;
1220 951 1406 1008 denique
1437 951 1596 1008 eligunt
1625 966 1693 1004 ea,
1724 966 1834 1008 quae
1863 953 1908 994 in
1938 967 1990 995 eo
2020 954 2114 1009 ipso
2131 956 2300 1010 -gen'ere

154 1018 377 1062 excellunt.
414 1018 639 1060 Armeniae
660 1019 779 1061 nives
801 1025 842 1061 et
862 1019 1015 1075 glacies
1037 1021 1216 1074 (Horat.
1241 1019 1291 1064 C.
1307 1020 1359 1064 ΙΙ.
1376 1021 1426 1072 9,
1447 1020 1486 1063 5.
1518 1019 1670 1063 Claud.
1692 1022 1736 1061 in
1757 1020 1857 1064 Ruf.
1875 1020 1926 1062 II.
1947 1020 2049 1074 25),
2081 1021 2303 1078 opulentia

155 1087 310 1141 (Prisc.
332 1085 499 1142 Perieg.
520 1100 559 1128 v,
580 1085 710 1140 928),
743 1088 843 1143 equi
876 1090 894 1141 (
907 1087 1045 1130 Strab.
1068 1088 1118 1132 C.
1140 1088 1211 1130 XI.
1232 1103 1273 1144 p.
1295 1088 1378 1130 526
1400 1094 1441 1131 et
1462 1087 1571 1141 530)
1605 1102 1627 1130 a
1657 1087 1937 1144 scriptoribus
1968 1101 2302 1132 commemoran-

151 1161 239 1197 tur:
270 1152 436 1197 odores
466 1155 556 1195 eius
586 1161 757 1210 praeter
785 1154 1003 1198 Tibullum
1034 1158 1128 1213 quis
1158 1156 1412 1208 laudaverit,
1440 1157 1597 1198 nescio.
1649 1156 1816 1211 Assyrii
1847 1162 1994 1198 contra
2023 1156 2181 1199 odores
2209 1170 2301 1198 cer-

153 1224 271 1266 tatim
293 1221 521 1264 laudantur
541 1222 620 1275 (cf.
639 1222 798 1266 Catull.
822 1239 887 1280 ep.
908 1224 974 1267 68.
1005 1224 1156 1268 Senec.
1173 1224 1398 1282 Hippolyt.
1417 1225 1508 1267 Act.
1526 1223 1577 1264 II.
1599 1222 1694 1266 393.
1729 1221 1913 1264 Martial.
1928 1222 2044 1265 VIII.
2062 1223 2127 1265 77.
2154 1224 2216 1276 (si
2234 1236 2300 1265 sa-

150 1293 218 1349 pis
238 1291 419 1346 Assyrio
444 1304 609 1347 semper
636 1290 714 1333 tibi
738 1293 863 1334 crinis
891 1306 1057 1335 amomo
1080 1292 1316 1349 Splendeat
1345 1298 1387 1335 et
1413 1293 1551 1347 cingat
1579 1289 1714 1332 florea
1743 1296 1854 1331 serta
1875 1291 2041 1346 caput).
2072 1290 2298 1333 Dissenius

152 1365 202 1401 ut
237 1358 520 1410 demonstret,
561 1373 687 1414 quam
724 1366 822 1415 apte
866 1359 1077 1402 adiectum
1115 1361 1168 1402 sit
1205 1361 1427 1418 epitheton
1464 1357 1706 1411 odoratos,
1747 1357 1946 1409 affirmat,
1989 1371 2041 1400 eo
2083 1357 2216 1410 effici,
2250 1364 2300 1400 ut

153 1426 474 1482 longinquitatis
508 1427 644 1481 imago
676 1426 916 1482 legentibus
946 1426 1203 1470 suboriatur.
1246 1428 1303 1470 At
1333 1442 1382 1470 ea
1410 1429 1599 1470 nascitur
1626 1428 1721 1483 ipso
1750 1427 1924 1469 nomine
1944 1427 2188 1468 Armeniae:
2217 1426 2302 1469 hoc

152 1507 310 1538 nomen
342 1509 437 1535 cum
470 1493 743 1547 audiverunt,
773 1496 910 1537 statim
939 1501 1092 1538 terram
1122 1495 1277 1553 procul
1305 1495 1426 1537 Italia
1451 1497 1568 1538 sitam
1598 1493 1912 1536 intellexerunt.
1957 1494 2071 1536 Nam
2095 1495 2303 1538 'Armenia

152 1569 379 1619 postquam
404 1562 580 1604 Antonii
610 1563 733 1603 armis
765 1570 992 1619 occupata,
1022 1571 1109 1606 tum
1137 1565 1358 1621 ingruente
1382 1563 1634 1605 Parthorum
1663 1563 1886 1604 vi-amissa
1917 1568 2000 1612 est,
2028 1561 2141 1603 haud
2170 1559 2302 1604 dubie

151 1632 319 1673 Romae
343 1631 528 1670 omnium
550 1628 816 1670 sermonibus
838 1629 1083 1681 agitabatur.
1114 1628 1196 1667 Per
1217 1631 1423 1667 odoratus
1449 1632 1575 1680 igitur
1596 1631 1822 1666 Armenios
1847 1635 1943 1666 vota
1963 1627 2125 1668 Tibulli
2143 1629 2304 1670 iactan-

153 1703 243 1740 tur:
278 1696 383 1737 haec
412 1695 579 1736 iactatio
611 1699 724 1735 certe
754 1706 843 1734 non
879 1691 1108 1734 iniucunda
1139 1698 1247 1744 erat,
1283 1691 1484 1733 affluente
1514 1693 1629 1732 omni
1658 1693 1786 1747 copia
1815 1693 2010 1734 narium:
2047 1692 2119 1734 alii
2145 1700 2302 1750 poetae

122 1807 125 1812 ,
152 1766 274 1807 irrita
301 1770 401 1805 vota
429 1763 474 1803 in
502 1775 617 1803 mare
644 1760 745 1802 ferri
775 1766 849 1802 aut
876 1761 920 1801 in
949 1767 1101 1802 ventos
1132 1759 1267 1801 disiici
1292 1759 1462 1802 faciunt.
1496 1760 1615 1802 Num
1644 1759 1751 1801 haec
1778 1766 1878 1802 vota
1907 1775 1984 1816 per
2011 1760 2108 1804 illos
2140 1761 2300 1806 odores

154 1834 384 1881 iactantur,
414 1836 462 1871 ut
490 1826 782 1884 intelligantur
809 1829 1088 1870 intermortua
1123 1834 1164 1870 et
1194 1827 1307 1870 foliis
1336 1842 1386 1870 ac
1412 1827 1591 1884 pulvere
1622 1828 1774 1869 amomi
1803 1827 2063 1879 condienda,
2099 1835 2303 1885 tanquam

115 1914 125 1925 ‘
155 1900 331 1942 funera?
358 1896 495 1950 (conf.
519 1896 650 1939 Ovid.
674 1897 800 1938 Trist.
822 1896 895 1937 ΙΙΙ.
919 1896 965 1947 3,
982 1896 1048 1937 69.
1077 1896 1156 1952 Ep.
1181 1910 1229 1938 ex
1250 1895 1390 1938 Ponto
1417 1896 1444 1938 1.
1466 1896 1513 1946 8,
1536 1896 1602 1937 52.
1632 1896 1780 1936 Iuven.
1803 1895 1887 1937 Sat.
1910 1894 1986 1936 IV.
2010 1895 2130 1948 109).
2167 1897 2301 1940 Immo.

154 1967 199 2009 bi
239 1966 395 2009 odores
432 1978 521 2007 non
556 1965 714 2015 minus,
758 1970 886 2019 atque
925 1970 1086 2005 ostrum
1120 1977 1169 2005 ac
1203 1978 1411 2020 purpura,
1449 1969 1606 2020 poetae
1642 1964 1765 2004 invisi
1804 1962 1859 2004 ad
1893 1962 2100 2004 luxuriam
2128 1962 2303 2008 divitum
2354 2008 2362 2015 ,

156 2033 448 2093 pertinebant:
489 2048 540 2074 ac
578 2033 695 2075 dives
736 2038 896 2074 amator
932 2046 1026 2075 eum
1070 2034 1166 2074 sinu
1194 2031 1350 2074 Deliae
1387 2031 1609 2075 deiecerat.
1671 2031 1774 2087 Quo
1805 2037 1943 2072 autem
1973 2033 2066 2073 iure
2096 2032 2301 2075 Horatius

155 2101 315 2145 Indica
345 2108 577 2157 unguenta,
607 2099 766 2156 Syram
793 2114 991 2152 mercem,
1022 2106 1185 2142 costum
1215 2099 1583 2151 Achaemenium,
1617 2098 1767 2141 eodem
1796 2099 1889 2140 iure
1917 2097 2114 2141 Tibullus
2144 2099 2304 2142 odores

154 2185 233 2229 per
253 2171 493 2212 Armeniam
518 2168 663 2210 Italiae
692 2170 941 2224 importatos
962 2167 1206 2211 Armenios
1232 2169 1410 2210 vocavit.
1441 2168 1635 2223 Propert.
1656 2167 1731 2209 1V.
1753 2166 1798 2217 3,
1820 2167 1886 2208 64.
1915 2172 2087 2221 raptave
2117 2165 2300 2210 odorato

139 2230 335 2280 'carbasa
363 2236 449 2278 lina
481 2235 598 2284 duci;
638 2235 738 2277 dicit
767 2242 905 2277 autem
935 2234 1185 2277 Parthorum
1215 2235 1377 2278 ducem.
1437 2234 1640 2278 Ceterum
1675 2240 1723 2275 ut
1755 2234 1823 2286 hic
1857 2234 2062 2284 Armenii,
2100 2235 2158 2275 ita
2186 2232 2302 2290 apud

157 2306 307 2349 Silium
336 2304 427 2347 Ital.
456 2305 618 2357 (XVII.
639 2306 687 2355 6,
709 2302 818 2356 118)
850 2302 943 2344 Indi
973 2301 1173 2354 odorati,
1201 2301 1315 2358 apud
1341 2303 1564 2344 Horatium
1596 2300 1765 2354 (C.111.
1787 2301 1833 2352 1,
1854 2300 1950 2352 24).
1985 2299 2123 2342 Getae
2145 2300 2298 2359 rigidi,
2357 2334 2362 2338 -

158 2372 273 2431 apud
298 2371 427 2414 Ovid.
445 2372 537 2413 Am.
559 2371 611 2413 ΙΙ.
633 2372 681 2423 4,
703 2371 768 2413 15.
792 2369 975 2413 Sabinae
1003 2370 1163 2426 rigidae
1193 2369 1475 2427 appellantur.
1499 2394 1553 2404 -
1597 2385 1636 2412 V.
1658 2370 1725 2411 40.
1771 2369 1987 2425 Scriptura
2019 2367 2303 2427 destituitque

161 2449 202 2484 ct
229 2439 426 2482 codicum
454 2439 707 2481 auctoritate
741 2439 878 2480 minus
908 2437 1071 2480 firmata
1102 2445 1163 2480 est
1193 2445 1233 2480 et
1262 2440 1353 2494 ipsa
1382 2453 1460 2495 per
1489 2452 1535 2480 se
1567 2444 1630 2480 est
1666 2437 1872 2487 deterior,
1910 2450 2035 2491 quam
2065 2435 2197 2478 altera
2225 2435 2302 2480 de.-

158 2510 393 2566 seruitque.
452 2507 566 2549 Nam
605 2521 695 2549 non
731 2508 845 2548 vires
877 2505 1008 2548 modo
1050 2505 1318 2558 defecerunt,
1362 2505 1438 2549 sed
1471 2505 1669 2548 voluntas
1711 2505 1848 2547 etiam.
1891 2502 2001 2545 conf.
2022 2502 2169 2558 Virgil.
2191 2504 2305 2547 Aen..

160 2576 253 2619 XII.
278 2576 371 2618 732.
401 2573 592 2631 perfidus
624 2575 734 2616 ensis
763 2574 920 2616 fractus
950 2575 994 2616 in
1022 2573 1163 2633 medio
1195 2574 1412 2616 ardentem
1442 2573 1601 2616 deserit
1627 2574 1724 2614 ictu.
1755 2596 1808 2605 —
1852 2586 1892 2613 v,
1922 2571 1989 2613 41.
2032 2569 2303 2614 descendam

160 2650 310 2702 posset
341 2642 558 2685 Ovidiano
599 2641 777 2688 desiluit
816 2641 958 2698 aliqua
996 2656 1046 2684 ex
1082 2649 1204 2698 parte
1233 2641 1427 2684 defendi:
1468 2655 1721 2697 quamquam
1751 2640 1834 2682 hoc
1863 2638 2107 2680 iracundiae
2137 2640 2303 2695 egregie

162 2713 378 2764 convenit,
414 2710 524 2753 illud
557 2711 668 2753 iusto
698 2710 851 2753 lentius
890 2717 964 2753 est
1021 2711 1185 2752 Verum
1214 2710 1293 2751 hac
1323 2709 1571 2751 defensione
1600 2721 1700 2750 non
1717 2721 1825 2763 opus
1856 2713 1936 2748 est:
1971 2705 2067 2747 libri
2093 2705 2304 2761 praebent

163 2779 339 2822 alteram
369 2780 618 2834 scripturam
645 2776 894 2829 discedens,
926 2791 1063 2833 eaque
1093 2783 1155 2820 est
1182 2776 1296 2819 haud
1326 2775 1457 2818 dubie
1486 2790 1698 2832 germana.
1727 2790 1824 2818 nam
1851 2773 2030 2816 verbum
2054 2781 2103 2816 et
2129 2789 2218 2827 res,
2249 2775 2305 2818 de

112 2884 116 2885 ⁷
162 2861 248 2903 qua
274 2846 468 2901 loquitur
504 2853 653 2902 poeta,
689 2847 794 2887 mire
835 2851 1085 2901 congruunt.
1117 2867 1171 2874 —-
1226 2858 1266 2886 v,
1296 2843 1363 2885 42.
1422 2842 1481 2885 Et
1507 2841 1648 2901 pudet
1679 2849 1724 2884 et
1757 2848 1918 2884 narrat
1953 2843 2067 2884 scire
2100 2840 2304 2895 nefanda

162 2927 272 2958 mea.
320 2913 505 2955 Primum
536 2911 846 2955 emendandum
876 2918 966 2955 erat
996 2925 1112 2958 mea:
1143 2916 1187 2954 et
1217 2910 1482 2954 emendatum
1512 2917 1574 2954 est
1603 2924 1628 2953 a
1655 2909 1895 2953 Nodellio:
1914 2910 2033 2952 cuius
2062 2908 2301 2952 emendatio
