2462 3112
1215 76 1282 119 lx

157 207 419 255 meatus,
453 202 547 259 ipse
575 196 935 245 mentitus-dixit.
971 211 1026 230 —·-
1084 210 1126 240 v.
1127 196 1237 267 35.
1285 193 1462 252 Quidve
1498 193 1610 250 pie,.
1630 189 1732 254 dum
1762 205 1884 251 sacra
1914 190 2034 255 colisv
2050 206 2247 249 pureque
2275 191 2339 239 lav

159 274 256 317 vari
281 277 348 324 te,
384 270 577 322 memini,
609 274 651 311 et
678 281 792 324 puro
817 264 1073 310 secubuisse
1104 271 1218 309 toro.
1282 262 1402 306 Male
1431 261 1693 321 collocatum
1725 262 1783 303 ait
1811 261 2011 318 Heynius
2040 260 2219 305 verbum
2248 277 2340 308 me,-

159 341 280 387 miru'.
324 338 584 383 Huschkius
615 351 792 394 quoque
820 334 1019 392 vulgatae
1051 334 1274 390 anteponit
1301 331 1530 388 Doeringii
1560 332 1870 373 coniecturam:
1909 329 1971 372 Et
2002 331 2178 374 memini
2206 345 2339 389 puro.

158 407 220 455 At
243 421 487 467 pronomen
513 413 558 450 te
585 407 834 462 neutiquam
863 409 1008 461 potest
1035 401 1142 446 tolli.
1178 399 1321 444 Modo
1350 399 1474 452 dixit,
1504 399 1610 457 quid
1636 399 1739 442 mihi
1765 400 1842 442 Isis
1872 398 2071 456 prodest,
2102 399 2208 457 quid
2237 414 2341 458 pro·-

157 484 260 522 sunt
288 479 412 521 sistra
440 477 525 519 tuis
551 474 748 518 manibus
775 473 900 531 pulsa
912 491 927 518 :-
952 479 1043 515 tum
1074 469 1212 522 addit,
1243 469 1404 526 quidve
1433 483 1491 512 sc.
1523 469 1626 512 mihi
1654 468 1852 526 prodest,
1882 483 1995 526 pure
2023 468 2168 512 lavari
2197 475 2243 512 et
2270 482 2341 513 se-

158 545 390 592 cubuisse.-
415 550 526 602 quae
546 558 603 587 ne
624 546 856 600 iungantur
876 555 972 585 cum
996 555 1048 583 eo
1071 542 1186 597 ipso,
1216 541 1291 595 qui
1310 545 1440 594 negat
1465 537 1510 580 id
1535 537 1618 580 sibi
1646 537 1882 594 profuisse,
1913 551 2075 580 nonne·
2092 540 2339 582 necessario

158 613 411 672 ponendum
441 620 506 656 est
534 615 605 656 te?
643 613 742 655 Hoc
761 613 890 668 igitur
910 610 1050 653 omitti
1073 623 1164 651 non
1183 609 1336 664 potuit.
1378 605 1650 659 Concedam,
1677 608 1969 663 perspicuitati
1990 605 2143 649 melius
2167 606 2341 650 consul-

158 689 304 726 turum
333 682 467 729 fuisse
495 689 688 738 poetam,
721 683 756 723 si
787 682 1026 723 orationem
1053 680 1115 720 ita
1143 677 1472 732 composuisset,
1502 681 1552 717 ut
1580 674 1690 717 nulli
1721 681 1861 716 essent
1889 676 1934 716 in
1957 674 2108 717 eadem
2130 677 2342 718 sententia

94 746 104 754 “
159 750 386 804 infinitivi,
414 749 533 793 velut
555 749 685 793 ovid.
702 751 832 791 Trist.
848 749 880 791 Ι.
897 749 944 800 5,
960 747 1000 789 3.
1029 746 1106 787 IV.
1121 745 1167 797 3,
1186 744 1253 787 55.
1283 743 1493 787 Fast.1V.
1508 742 1606 784 377.
1635 742 1729 785 Am.
1747 743 1777 784 l.
1796 743 1870 794 14,
1888 743 1955 784 50.
1991 743 2043 784 ΙΙ.
2062 742 2135 795 10,
2152 743 2191 786 l.
2219 742 2341 797 alibi,

158 825 238 862 aut
255 820 292 862 si
312 818 547 862 addidisset
570 833 696 870 nam,
725 823 773 858 ut
793 815 924 859 Ovid.
946 814 1121 857 Metam.
1142 813 1219 854 IV.
1244 812 1339 854 160.
1369 817 1412 854 at
1441 811 1663 854 veteribus
1694 811 1929 869 quidquam
1959 813 2004 854 in
2031 812 2115 855 hoc
2143 811 2245 856 loco
2275 813 2341 856 of-

159 885 346 930 fensioni
375 886 526 938 fuisse,
562 899 653 928 non
680 883 826 927 credo.
873 883 968 926 Nos
998 895 1196 939 quoque,
1227 881 1358 924 modo
1389 895 1474 923 vox
1502 882 1680 923 memini
1706 879 1882 937 virgulis
1912 880 2077 923 inclusa
2104 882 2179 933 sit,
2213 881 2340 926 facile

158 957 452 1013 agnoscimus,
481 944 586 996 eam'
600 954 866 996 interiectam
896 964 1000 994 esse.
1043 949 1171 1006 Quae
1201 949 1295 992 sola
1322 951 1442 992 vocis
1473 949 1747 992 distinctione
1779 949 2002 1005 expedias,
2033 964 2137 992 cave
2156 964 2213 993 nc
2235 965 2341 1008 que-

157 1022 262 1066 relis
297 1028 351 1066 et·
377 1022 634 1065 coniecturis
670 1019 889 1063 sollicites.
947 1019 1084 1062 Recte
1115 1024 1255 1060 autem
1285 1016 1652 1061 Wunderlichius
1688 1020 1875 1070 monuit,
1907 1020 2086 1061 memini
2115 1025 2156 1062 et
2186 1018 2242 1062 ad
2271 1034 2339 1063 vv.

160 1098 276 1150 pure
311 1091 456 1135 lavari
493 1096 536 1134 et
570 1089 627 1133 ad
663 1104 703 1133 V.
738 1087 995 1132 secubuisse
1030 1085 1304 1129 referendum
1336 1100 1440 1128 esse.
1469 1109 1529 1118 —
1585 1101 1626 1129 v,
1656 1085 1725 1128 27.
1784 1101 1891 1129 nam
1917 1101 2053 1144 posse
2083 1086 2253 1131 mederi
2282 1111 2340 1120 —

160 1158 309 1206 docet.
364 1160 527 1202 Dicunt
564 1160 766 1202 omissum
805 1172 899 1201 esse
931 1163 986 1200 te.
1045 1156 1104 1198 At
1133 1154 1254 1212 quod
1279 1154 1541 1197 Ramshorn.
1562 1155 1607 1197 in
1629 1153 1911 1197 Grammatica
1933 1170 1974 1211 p.
1996 1155 2094 1198 433.
2117 1155 2172 1198 de
2195 1155 2339 1201 Cicer.

159 1227 288 1271 Verr.
308 1226 355 1279 2,
376 1226 444 1270 33.
468 1226 588 1278 dixit,
621 1234 664 1269 et
684 1224 740 1269 de
760 1226 844 1268 hoc
866 1231 907 1268 et
928 1223 983 1267 de
1010 1223 1103 1266 aliis
1125 1222 1232 1265 locis
1263 1222 1390 1265 huius
1420 1221 1630 1265 similibus
1661 1221 1747 1265 diei
1767 1225 1920 1279 'potest
1950 1224 2139 1276 (confer.
2162 1227 2338 1269 omnino

157 1279 454 1337 Ruddimanni
473 1296 652 1337 institut.
674 1308 845 1350 gramm.
867 1291 1025 1335 latinae
1044 1291 1168 1334 Tom.
1185 1290 1238 1333 ΙΙ.
1254 1306 1296 1348 p.
1314 1291 1381 1333 12.
1397 1298 1542 1334 annot.
1559 1291 1655 1345 36).
1695 1291 1800 1334 Non
1822 1293 2023 1334 omissum
2046 1299 2109 1335 est
2129 1293 2214 1336 hoc
2235 1293 2337 1338 loco

128 1371 419 1419 *pronomem
453 1363 614 1418 quippe
645 1361 766 1418 quod
792 1362 899 1418 poni
928 1362 1106 1411 omnino
1139 1374 1230 1402 non
1260 1362 1468 1416 potuerit,
1505 1362 1610 1417 quin
1639 1366 1832 1416 potestas
1861 1360 2062 1403 infinitivi
2093 1376 2229 1420 posse
2261 1365 2339 1407 im-

155 1431 441 1474 minueretur..
471 1430 610 1474 Cuius
631 1432 686 1473 sit
706 1430 815 1473 haec
843 1436 1032 1486 potestas
1061 1427 1282 1481 medendi,
1310 1428 1562 1486 intelligitur
1589 1430 1674 1471 iam
1705 1443 1756 1471 ex
1784 1427 1928 1472 verbis
1956 1432 2044 1473 tuis
2073 1431 2261 1490 templis.
2282 1457 2337 1467 —

155 1506 198 1544 v.
227 1499 297 1541 29.
360 1498 424 1542 Ut
451 1513 550 1543 mea
578 1500 754 1541 votivas
781 1498 1046 1557 persolvens
1075 1497 1207 1540 Delia
1237 1511 1371 1541 voces
1402 1497 1531 1540 Ante
1558 1506 1718 1541 sacras
1748 1497 1839 1542 lino
1871 1504 1991 1542 tecta
2009 1498 2151 1552 fores
2179 1499 2339 1545 sedeat

156 1566 324 1625 Bisque
353 1565 425 1610 die
452 1567 657 1610 resoluta
683 1582 839 1611 comas
869 1566 948 1610 tibi
976 1564 1126 1610 dicere
1153 1565 1312 1610 laudes
1341 1566 1541 1625 Insignis
1571 1565 1704 1609 turba
1735 1565 1896 1610 debeat
1924 1566 2182 1612 ιἠῬῘιανία.
2241 1569 2339 1612 Ou-

157 1634 426 1692 dendorpius
457 1642 501 1678 et
530 1636 732 1692 Heynius
766 1637 943 1679 votivas
978 1650 1114 1679 voces
1151 1635 1364 1692 explicant
1395 1642 1525 1688 vota,
1563 1643 1861 1692 comparantes
1892 1635 2043 1679 ovidii
2070 1637 2208 1681 verba
2234 1653 2339 1696 pre-

158 1705 311 1749 cantia
339 1703 513 1747 Metam.
541 1703 635 1747 VII.
657 1704 753 1747 590.
797 1705 915 1747 XIV.
936 1704 1035 1747 365.
1093 1704 1151 1747 At
1181 1703 1298 1761 apud
1327 1703 1443 1746 hunc
1475 1704 1648 1761 quidem
1678 1704 1815 1747 verba
1852 1708 2069 1762 precantia
2102 1714 2202 1750 sunt
2238 1722 2338 1764 pre-

158 1784 234 1815 ces
270 1770 579 1814 certis·verbis
615 1778 870 1828 conceptae:
906 1786 1037 1829 posse
1075 1778 1217 1815 autem
1254 1774 1430 1815 omnino
1467 1786 1549 1829 pro
1586 1772 1792 1832 precibus
1823 1788 1847 1815 a
1879 1775 2022 1830 poetis
2058 1777 2167 1830 poni
2200 1775 2339 1821 verba

157 1841 412 1896 precantia,
441 1839 559 1883 haud
587 1837 715 1883 facile
745 1843 826 1884 erit
856 1842 932 1897 qui
959 1847 1108 1899 neget,
1136 1840 1214 1884 sed
1244 1840 1349 1898 quid
1377 1839 1492 1883 istuc'
1517 1840 1572 1883 ad
1598 1855 1732 1884 voces
1758 1842 1959 1884 votivas?
1991 1840 2193 1885 Laudant
2217 1843 2340 1901 Hey-

157 1909 257 1951 nius
295 1914 338 1951 et
375 1909 469 1964 ipse
504 1908 733 1951 Dissenius
767 1923 927 1970 preces
963 1912 1159 1953 votivas:
1184 1909 1405 1966 'idemque
1440 1911 1484 1951 in
1524 1909 1782 1962 Forcellini‚
1825 1908 2031 1966 Gesneri,
2069 1902 2258 1961 fortasse
2290 1913 2337 1955 in

158 1972 340 2019 aliorum
376 1989 555 2033 quoque
593 1976 739 2020 lexicis
776 1977 996 2019 laudatum
1016 1979 1260 2033 reperitur:
1296 1977 1382 2022 ⁴sed
1412 1977 1531 2019 unde
1560 1977 1606 2019 id
1635 1984 1818 2020 sumtum
1849 1979 1922 2030 sit,
1952 1980 2127 2022 nescio:
2166 1986 2337 2024 veteres

90 2037 98 2042 “
157 2042 289 2088 video
316 2042 472 2087 dixisse
498 2057 657 2102 preces
686 2050 732 2086 et
757 2050 887 2096 vota,
919 2045 1038 2087 votis
1064 2042 1265 2101 precari:
1300 2058 1389 2102 quo
1422 2043 1633 2087 Trebellii
1662 2044 1885 2089 Polliones
1909 2048 2010 2100 (vit.
2032 2046 2216 2090 Gallien.
2239 2062 2274 2092 c.
2294 2048 2335 2092 3.

157 2112 292 2165 extr.)
329 2118 374 2153 et
406 2110 583 2168 Apuleii
621 2111 770 2166 (velut
792 2112 970 2155 Metam.
988 2111 1085 2154 VII.
1108 2127 1150 2169 p.
1171 2113 1283 2166 469)
1317 2114 1404 2156 vim
1440 2112 1567 2156 huius
1602 2115 1722 2156 vocis
1760 2113 2037 2166 deflexerint,
2078 2129 2170 2159 non
2207 2131 2335 2162 curo:

157 2178 277 2236 apud
304 2186 472 2223 veteres
502 2186 622 2223 certo
653 2182 743 2223 scio
772 2182 970 2223 votivum
999 2184 1156 2224 sonare
1186 2174 1251 2233 id,
1281 2181 1402 2238 quod
1432 2181 1515 2225 deo
1547 2197 1597 2225 ex
1624 2189 1730 2226 voto
1756 2190 1958 2241 suscepto
1979 2182 2183 2237 debetur,
2213 2184 2335 2230 velut

155 2246 326 2300 tabula,
370 2250 561 2309 victima,
603 2254 692 2301 tus,
734 2247 854 2291 aliud
880 2247 927 2291 id
956 2263 1102 2306 genus.
1165 2249 1316 2293 Voces
1352 2251 1481 2307 igitur
1517 2252 1695 2294 votivae
1723 2258 1826 2294 sun-t
1851 2266 1983 2295 voces
2011 2251 2118 2295 Isidi
2144 2266 2198 2295 ex
2225 2261 2332 2303 voto

157 2314 516 2362 reddendae-:At
540 2315 587 2359 id
615 2318 756 2374 ipsum
781 2316 987 2361 Dissenio
1016 2317 1265 2375 scrupulum
1291 2319 1457 2362 iniecit:
1486 2333 1584 2362 nam
1613 2320 1650 2362 si
1677 2333 1808 2378 voces
1836 2321 2022 2373 votivas,
2051 2322 2210 2377 inquit,
2237 2321 2332 2366 lau-

157 2383 236 2429 des
260 2383 462 2441 intelligis
492 2399 543 2429 ex
570 2385 815 2429 votofdeae
844 2384 1045 2437 debitas,
1062 2389 1168 2429 mira
1195 2389 1355 2430 exsistit
1378 2389 1590 2431 sententia
1610 2387 1735 2431 haec:
1766 2395 1814 2431 ut
1830 2388 1961 2431 Delia
1981 2387 2140 2432 laudes
2161 2391 2332 2446 persol-

156 2443 268 2501 vens.
290 2454 522 2508 promissas
551 2459 650 2496 ante
678 2453 804 2498 fores
827 2453 978 2497 sedeat
1006 2453 1162 2512 bisque
1192 2455 1262 2499 die
1291 2454 1558 2511 laudestibi
1587 2455 1935 2500 dicere-debeat.
1993 2457 2118 2500 Haec
2145 2472 2236 2504 non
2266 2459 2330 2503 fe-

152 2512 291 2569 renda
322 2526 440 2567 ratus
466 2521 694 2567 Dissenius
724 2536 881 2566 novam
907 2525 1003 2566 iniit
1029 2523 1342 2580 interpretandi
1367 2526 1594 2568 rationem.
1653 2524 1751 2581 Qui
1776 2532 1880 2568 vota
1908 2525 2028 2578 facit,
2062 2527 2225 2582 inquit,
2253 2527 2329 2571 vel

154 2588 339 2646 legitima
377 2604 497 2632 sacra
529 2597 659 2634 vovet
687 2591 884 2635 studiose
911 2606 959 2635 se
989 2591 1319 2635 observaturum
1347 2591 1419 2635 vel
1448 2592 1682 2649 peculiaria
1711 2593 1924 2650 quaedam
1953 2596 2174 2650 promittit.
2231 2595 2326 2654 Ego

146 2655 410 2714 istud-quid
439 2659 514 2710 sit,
543 2671 635 2701 non
663 2661 903 2716 perspicio:
934 2661 1010 2717 qui
1037 2666 1146 2703 vota
1165 2659 1311 2714 facit,
1340 2668 1472 2704 vovet
1500 2660 1684 2718 aliquid:
1724 2662 1830 2719 quid
1859 2661 1930 2705 vel
1959 2661 2086 2719 quale
2110 2662 2157 2706 id
2184 2665 2325 2720 ipsum

156 2725 231 2776 sit,
261 2738 313 2769 ex
341 2728 410 2778 iis,
441 2740 553 2783 quae
583 2726 728 2771 addita
758 2734 879 2779 sunt,
908 2730 1136 2772 noscimus.
1200 2727 1287 2771 Sed
1319 2736 1424 2772 esto.
1484 2729 1752 2787 Utrumque,
1790 2731 1947 2787 inquit,
1983 2730 2114 2774 Delia
2142 2731 2324 2778 fecerat:

154 2790 318 2850 sedere
338 2794 520 2838 volebat
548 2801 648 2839 ante
677 2796 882 2853 templum
906 2810 991 2854 per
1018 2802 1180 2840 certum
1210 2802 1377 2853 tempus
1407 2803 1454 2839 et
1478 2804 1718 2856 praeterea
1750 2800 1876 2840 etiam
1902 2797 2112 2855 legitimos
2140 2799 2326 2857 hymnos

157 2858 268 2903 deae
301 2859 369 2904 bis
403 2874 559 2906 canere
595 2878 692 2907 cum
727 2871 872 2907 cetera
900 2864 1027 2908 turha
1055 2865 1173 2908 horis
1201 2866 1444 2910 consuetisz.
1464 2879 1563 2909 nam
1590 2868 1725 2909 etiam
1751 2864 1840 2910 hoc
1868 2881 1916 2910 se
1947 2869 2137 2919 vovisse,
2165 2868 2325 2926 prohat

152 2926 337 2973 ,verbum
373 2927 544 2973 debeat.
589 2931 645 2975 ad
682 2938 821 2976 totum
856 2932 942 2976 hoc
975 2934 1194 2990 pertinent
1226 2946 1370 2990 voces*
1393 2935 1578 2980 votivae.
1634 2937 1758 2979 Haec
1787 2935 1886 2979 ille:
1923 2935 2079 2981 fatetur
2106 2942 2250 2986 tamen
2274 2940 2324 2984 in
