2462 3112
1168 65 1280 107 XXI

137 196 238 241 kim
256 193 487 247 detrahet,
518 192 815 236 Lachmannus
841 196 884 234 et
906 189 1135 233 Dissenius
1156 183 1382 238 ,detrahat
1406 182 1494 240 legi
1521 180 1782 225 maluerunt:
1811 179 1912 222 huic
1931 179 2168 236 scripturae
2187 176 2312 233 Hey-

134 267 236 310 nius
263 264 540 326 quoque.(in
563 261 799 314 annotatt.)
831 258 1109 316 suffragatur,
1139 257 1241 314 quia
1268 253 1385 298 idem
1414 252 1569 295 modus
1598 249 1745 309 paullo
1775 248 1887 292 infra
1917 250 2085 306 positus
2114 247 2180 289 sit.
2220 245 2311 288 Res

63 385 66 389 ⁴
109 337 111 339 ’
135 332 357 378 est-facile
386 330 669 389 expedienda.
723 327 906 382 Veniet,
936 329 1007 371 cui
1037 324 1269 378 detrahat,
1294 321 1413 366 'valet
1442 328 1515 364 aut
1542 321 1708 372 veniet,
1738 324 1790 361 ut
1818 319 1859 361 ei
1888 316 2002 361 detr.
2031 318 2104 370 (in
2125 314 2203 357 der
2221 312 2313 357 Ab·
2341 315 2349 320 ’

134 401 264 455 nicht,
300 399 398 444 dass
426 401 488 443 sie
515 400 628 453 ihm)
657 404 731 442 aut
757 399 906 441 veniet
933 399 991 449 is,
1031 397 1103 440 cui
1133 394 1240 438 detr.
1272 391 1360 448 (als
1393 393 1464 435 ein
1490 389 1683 440 solcher,
1722 387 1818 431 dem
1849 388 1911 429 sie
1941 383 2147 443 pfliicken
2175 396 2313 435 muss,

105 478 108 480 ’
134 468 239 524 soll,
273 468 418 524 darn:
457 483 644 526 quorum
674 474 874 510 neutrum
903 466 1005 508 huic
1032 464 1132 507 loco
1162 463 1381 506 convenit.
1440 459 1517 502 Sin
1545 457 1772 501 relativum
1802 457 1875 499 eui
1906 453 2141 511 explicatur
2170 453 2315 510 eique,

78 542 80 545 ’
116 536 259 582 1131111.
291 537 471 581 (1111110111
512 544 596 588 est,
638 538 744 594 quin
783 541 827 578 et
861 534 1119 577 indicativus
1157 538 1199 575 et
1238 530 1537 574 coniunctivus
1574 522 1682 584 poni
1717 527 1866 583 possit.
1923 524 1981 566 Et
2017 522 2315 566 coniunctivus

134 605 311 665 quidem
347 605 624 663 explicandus
661 605 740 647 erit
775 605 852 656 ita,
889 610 938 646 ut
973 604 1058 644 vim
1095 606 1282 644 assumat
1323 598 1523 655 optativi:
1560 610 1649 653 quo
1679 593 1749 646 fit,
1785 599 1834 636 ut
1864 593 2059 650 proxime
2091 590 2147 634 ad
2179 589 2316 632 futuri

133 681 334 725 naturam
361 676 533 732 aspiret.
573 675 872 716 Veruntamen
901 672 1050 715 futuro
1082 667 1293 713 detrahet
1320 667 1455 724 magis
1485 664 1748 715 declaratur,
1776 676 1868 705 non
1900 661 2098 704 dubitare
2126 666 2316 717 poetam,

135 744 243 801 quin
270 739 399 786 Delia
428 742 544 786 ultro
575 748 618 784 et
648 756 725 784 sua
754 747 910 798 sponte
939 738 1174 783 Messalam
1207 736 1431 779 deff-amico
1472 736 1647 791 optime·
1667 733 1867 774 meritum
1904 731 2155 772 amicissime
2195 741 2317 770 exoe-

134 818 263 873 ptura
298 813 394 854 sits
416 810 538 868 quod
576 809 712 853 multo
743 824 847 852 sane
879 815 943 852 est
974 814 1018 851 et
1045 805 1254 850 urbanius
1288 810 1330 848 et
1358 804 1599 846 venustius.
1656 801 1886 843 Praeterea
1915 799 1961 840 in
1988 797 2073 840 1100
2099 797 2221 848 1000,
2261 794 2316 838 de

135 893 227 938 qno
252 894 370 923 nunc
395 881 553 936 agitur,
591 880 893 922 coniunctivus
923 891 1020 920 cum
1052 875 1234 918 relativo
1270 874 1442 916 iunctus
1480 869 1612 913 habet
1650 867 1814 925 aliquid
1854 865 2160 923 ambiguitatis:
2205 876 2318 920 quae

133 949 182 992 in
208 947 354 993 verbis
383 947 664 1005 sequentibus
694 954 740 992 et
768 953 945 990 tantum
972 950 1191 988 venerata
1221 967 1275 977 —
1306 947 1435 986 curet
1465 964 1518 973 -
1549 943 1686 997 gerat
1713 935 1836 979 nulla
1864 941 1941 977 est.
1972 957 2029 966 --
2076 947 2117 975 v,
2147 932 2215 974 32.
2256 929 2318 973 Et

134 1023 313 1061 tantum
348 1022 566 1059 venerata
602 1018 748 1059 virum
781 1014 901 1059 hunc
928 1013 1099 1058 sedula
1120 1019 1280 1068 curet,
1317 1011 1436 1054 Huic
1468 1013 1603 1066 paret
1632 1013 1769 1064 atque
1798 1003 1956 1063 epulas
1983 1004 2082 1061 ipsa
2112 1001 2317 1044 ministra

135 1091 283 1144 gerat.
343 1084 645 1128 Offensionem
684 1083 901 1141 ecthlipsis
936 1083 1159 1140 neglectae
1197 1079 1391 1137 exempla
1427 1078 1600 1120 admissi
1635 1076 1795 1128 hiatus,
1839 1087 1951 1131 quae
1989 1069 2238 1114 Huschkius
2276 1074 2318 1111 et

134 1154 363 1198 Dissenius
393 1152 649 1206 attulerunt,
680 1167 882 1210 quaeque
912 1152 1028 1209 apud
1058 1152 1287 1195 Horatium
1318 1148 1478 1203 (Serm.
1500 1146 1554 1190 II.
1575 1147 1622 1198 2,
1643 1145 1729 1198 28)
1761 1150 1803 1187 et
1831 1140 2076 1185 Iuvenalem
2107 1139 2224 1194 (Sat.
2244 1137 2316 1180 lx.

134 1221 248 1276 118)
276 1222 476 1278 reperiun
530 1236 552 1263 r
573 1221 717 1275 (conf.
734 1222 910 1264 omnino
927 1222 1074 1264 Herm.
1089 1219 1300 1263 Element.
1316 1217 1453 1261 doctr.
1469 1223 1589 1259 metr.
1604 1231 1645 1272 p.
1659 1214 1764 1268 62),
1794 1226 1886 1256 non
1907 1210 2180 1254 amoliuntur.
2224 1207 2318 1249 Ve-

133 1290 354 1333 hementer
381 1291 506 1332 etiam
564 1290 735 1347 isplicet
759 1304 1003 1348 pronomen
1032 1288 1166 1332 hunc·
1180 1287 1345 1331 illatum
1368 1291 1470 1343 post
1488 1283 1626 1327 verba
1647 1289 1825 1326 tantum
1843 1304 1902 1312 —
1920 1280 2078 1322 virum.
2117 1274 2320 1319 Brouck-

94 1354 97 1358 ⁴
132 1357 302 1401 husium
340 1359 582 1415 opinatum,
620 1357 724 1403 huic
760 1358 1063 1417 reponendum
1103 1372 1216 1410 esse,
1254 1369 1421 1399 summo
1458 1356 1554 1397 iure
1591 1352 1796 1396 refutavit
1834 1350 2056 1407 Heynius,
2094 1348 2169 1404 qui
2204 1343 2319 1388 male

133 1425 310 1484 quidem
339 1428 622 1483 interpunxit,
661 1427 738 1471 sed
764 1434 882 1472 recte
911 1428 1061 1479 sensit,
1098 1428 1284 1469 nitorem
1315 1437 1484 1467 omnem
1516 1421 1671 1464 abesse
1703 1426 1747 1463 et
1775 1421 1912 1477 ipsam
1941 1417 2151 1460 sermonis
2185 1415 2318 1457 ratio-

131 1508 244 1538 nem.
300 1495 401 1538 Nec
437 1501 581 1538 tamen
614 1497 772 1539 iccirco
805 1495 1092 1539 damnandum
1124 1501 1190 1537 est
1218 1494 1304 1536 hoc
1337 1492 1570 1544 distichon,
1610 1497 1656 1533 ut
1684 1490 1888 1545 Heynius
1921 1494 1964 1529 et
1996 1485 2227 1528 Santenius
2252 1483 2319 1530 fe-

133 1569 297 1606 cerunt.
351 1563 466 1606 Nam
497 1571 674 1621 excepta
703 1564 778 1607 illa
807 1564 908 1607 labe
944 1578 1089 1621 neque
1126 1562 1269 1606 habet.
1294 1561 1548 1619 quidquam,
1587 1557 1710 1616 quod
1747 1554 2039 1613 reprehendas
2080 1560 2123 1597 et
2162 1558 2227 1595 est
2262 1550 2319 1595 ad

132 1628 446 1673 absolvendam
471 1632 604 1669 totius
635 1632 936 1682 descriptiunts
958 1629 1268 1675 iucunditatem
1287 1624 1467 1665 maxime
1487 1627 1779 1667 necessarium
1800 1624 1911 1675 (vid.
1929 1624 2100 1666 Dissen.
2118 1621 2173 1664 ad
2189 1621 2230 1662 h.
2246 1619 2316 1672 l.).

129 1698 191 1742 At
215 1691 477 1754 pronomen,
504 1696 666 1751 inquit,
696 1709 792 1737 cum
821 1708 973 1751 magna
1001 1694 1046 1735 vi
1071 1694 1299 1750 repetitum
1330 1698 1406 1734 est.
1455 1690 1498 1734 O
1530 1691 1726 1734 inutilem
1756 1691 1866 1732 hanc
1892 1691 2160 1747 pronominis
2190 1703 2317 1747 repe-

131 1768 346 1817 titionem,
375 1779 460 1822 qua
489 1770 704 1807 structura
735 1764 943 1807 orationis
967 1765 1135 1820 pereat!
1172 1762 1251 1805 Sin.
1270 1768 1411 1804 autem
1432 1762 1528 1818 quis
1552 1761 1650 1812 erit,
1683 1761 1757 1817 qui
1781 1759 2027 1816 dissipatam
2057 1759 2316 1809 orationem,

133 1833 275 1893 qualis
299 1833 406 1876 haec
434 1841 516 1884 est,
553 1832 615 1876 Et
645 1839 823 1876 tantum
850 1839 1070 1875 venerata
1097 1833 1261 1883 virum,
1298 1829 1419 1874 hunc
1447 1827 1609 1873 sedula
1643 1835 1790 1880 curet,
1833 1829 1879 1870 in
1911 1827 2130 1884 elegantiis
2159 1833 2314 1883 ponat,
2379 1850 2387 1855 -

131 1902 180 1947 id
215 1904 256 1945 ei
289 1915 380 1944 non
417 1900 640 1944 invidebo.
696 1900 911 1958 Equidem
951 1914 1041 1943 non
1081 1899 1234 1942 dubito
1275 1905 1464 1956 spretam
1501 1906 1543 1942 et
1583 1898 1795 1942 desertam
1836 1899 2086 1956 opinionem
2117 1896 2315 1954 amplecti

132 1971 390 2028 Ayrmanni,
421 1971 497 2026 qui
517 1968 740 2026 proshunc
762 1969 994 2027 legendum
1017 1970 1183 2011 censuit
1204 1975 1332 2018 tunc;
1364 1967 1486 2025 quod
1505 1967 1685 2010 multum
1708 1966 1847 2020 abest,
1877 1973 1925 2010 01
1944 1966 2162 2024 langueat,
2193 1965 2314 2008 dum-

132 2037 266 2083 modo
295 2037 432 2080 altero
462 2051 640 2093 quoque
671 2037 772 2080 loco
804 2044 994 2094 ponatur
1022 2041 1130 2079 tunc
1157 2050 1241 2093 pro
1276 2035 1390 2079 huic.
1449 2037 1655 2079 Fortasse
1689 2038 1820 2093 igitur
1856 2035 2085 2093 legendum
2122 2041 2208 2077 est:
2253 2033 2315 2076 Et

133 2113 311 2151 tantum
342 2112 562 2148 venerata
597 2107 743 2148 virum
779 2112 887 2149 tunc
923 2104 1085 2149 sedula
1121 2111 1271 2159 curet,
1311 2104 1438 2148 Tunc
1471 2112 1606 2163 paret
1634 2112 1770 2164 atque
1796 2104 1954 2163 epulas
1982 2106 2080 2162 ipsa
2110 2104 2313 2146 ministra

131 2181 279 2234 gerat.
335 2174 472 2225 Huic,
501 2173 640 2227 hunc,
670 2189 808 2226 nunc,
840 2181 947 2218 tunc
976 2188 1107 2231 saepe
1137 2175 1250 2216 inter
1278 2188 1325 2217 se
1355 2180 1613 2217 commutata
1645 2189 1759 2226 esse,
1789 2188 1919 2216 nemo
1949 2174 2128 2230 ignorat.
2181 2172 2312 2215 Com-

132 2242 264 2312 mode
292 2250 433 2298 autem
462 2242 544 2300 legi
571 2250 760 2300 utroque
789 2243 890 2287 Ioco
922 2250 1048 2295 tunc,
1079 2243 1221 2300 colligi
1250 2249 1394 2300 potest
1424 2244 1550 2286 etiam
1579 2257 1630 2285 ex
1659 2244 1730 2295 iis,
1761 2257 1873 2300 quae
1893 2248 2153 2298 sequuntur:
2184 2240 2311 2283 Haec

131 2310 238 2356 mihi
253 2309 511 2370 fingebam,
546 2327 664 2370 quae
691 2327 812 2355 nunc
841 2311 1080 2371 Eurusque
1107 2311 1364 2370 Notusque.
1423 2312 1607 2354 Dativus
1639 2317 1738 2353 ante
1765 2316 1900 2368 paret
1937 2301 2032 2352 non
2057 2310 2310 2366 requiritur,

58 2440 59 2443 Ἴ
131 2394 230 2424 cum
266 2387 395 2425 curet
425 2405 478 2415 —
506 2387 641 2438 paret
682 2388 724 2424 et
759 2387 895 2440 gerat
921 2383 1156 2434 arctissimo
1194 2381 1528 2424 constructionis
1569 2379 1748 2432 vinculo
1783 2393 1885 2422 cum
1921 2377 2058 2421 verbo
2093 2383 2310 2421 venerata

130 2451 158 2493 i.
178 2463 216 2492 e.
237 2462 468 2502 venerans,
497 2451 642 2492 iuncta
662 2451 757 2492 sint.
788 2451 1020 2493 Praeterea
1049 2449 1153 2493 huic
1179 2451 1249 2491 vix
1280 2450 1400 2506 iungi
1428 2451 1588 2506 poterit
1618 2464 1714 2491 cum
1744 2455 1894 2507 geret,
1924 2449 2006 2491 nisi
2029 2446 2309 2504 explicaveris

130 2516 240 2561 illud
261 2517 381 2559 »ihm
404 2532 460 2560 zu
479 2518 680 2561 Ehren«.
714 2518 904 2571 Curare,
934 2520 1074 2577 inquit
1094 2518 1342 2571 Dissenius,
1375 2525 1439 2561 est
1460 2517 1641 2562 verbum
1669 2532 1842 2561 mensae
1866 2524 1909 2560 et
1935 2517 2141 2564 convivii;
2171 2514 2307 2558 multo

131 2584 288 2630 melius
314 2586 535 2642 HeyniuS,
567 2588 641 2644 qui
671 2586 777 2630 illud
809 2587 864 2631 ad
895 2602 1023 2631 omne
1055 2587 1249 2635 officium
1280 2589 1338 2630 ait
1365 2588 1539 2639 referri,
1571 2601 1659 2644 quo
1687 2585 1878 2642 hospites
1911 2585 2186 2640 excipiantur.
2217 2583 2309 2625 Ve-

130 2660 356 2698 mntamen
384 2655 465 2698 hae
493 2654 617 2699 verbi
648 2670 811 2700 curare
839 2658 1214 2714 interpretationes
1243 2671 1395 2713 parum
1424 2654 1603 2698 subtiles
1638 2661 1759 2697 sunt:
1796 2653 1930 2696 d-octe
1964 2653 2055 2694 eius
2085 2652 2171 2693 vim
2205 2664 2310 2693 enu-

132 2721 285 2766 cleavit
302 2723 558 2768 Doederlin.
582 2724 822 2782 Synonyin.
846 2726 970 2769 Tom.
995 2727 1060 2768 lV
1080 2741 1121 2782 p.
1143 2724 1240 2767 418.
1272 2724 1416 2767 Verbi
1445 2739 1608 2768 curare
1636 2723 1891 2781 significatio
1920 2722 2097 2779 propria
2127 2727 2193 2763 est
2222 2734 2310 2763 una

133 2795 176 2834 et
207 2790 373 2843 eadem,
396 2792 479 2836 ‘sed
507 2794 579 2846 iis,
610 2793 768 2850 quibus
797 2795 986 2837 iunctum
1019 2801 1085 2837 est
1110 2792 1277 2844 verbis,
1299 2794 1425 2836 varie
1456 2792 1688 2836 coloratur.
1747 2792 1817 2834 Re
1850 2792 1942 2847 ipsa
1972 2795 2168 2847 apparet,
2199 2803 2310 2845 quae

134 2864 178 2902 et
206 2858 344 2916 qualis
374 2875 485 2903 cura
515 2863 586 2905 sit:
625 2862 711 2905 alio
744 2863 877 2906 modo
909 2870 1051 2906 cutem
1088 2863 1248 2913 curari,
1286 2861 1373 2904 alio
1401 2861 1535 2904 modo
1563 2859 1775 2904 morbum.
1834 2858 1988 2902 Paullo
2028 2857 2137 2900 infra
2172 2863 2308 2916 gerat

132 2926 343 2983 explicant
378 2927 571 2982 afferat.
628 2929 687 2972 At
723 2930 906 2985 afferre
945 2931 1102 2988 epulas
1143 2931 1321 2988 quaevis
1351 2930 1504 2974 ancilla
1540 2931 1772 2989 potuisset:
1816 2928 1931 2973 istud
1968 2934 2110 2972 autem
2145 2941 2308 2987 gerere
