2462 3112
1174 101 1364 141 XXXIII

174 225 471 284 subriguisse:
501 236 612 279 quae
640 235 723 264 vox
754 234 839 277 qua
870 221 1122 262 auctoritate
1150 220 1328 269 nitatur,
1359 219 1519 260 nescio.
1568 217 1615 259 Si
1643 216 1747 273 quid
1772 218 1817 259 in
1841 218 1923 259 hoc
1943 231 2072 260 versu
2091 218 2361 274 complorato

178 292 430 337 mutandum
459 297 672 348 putarem,
706 290 986 331 coniicerem:
1022 287 1205 330 Lacteus
1235 293 1277 329 et
1306 284 1498 328 mulctris
1529 283 1770 341 obriguisse
1801 285 1947 342 liquor
1977 286 2119 338 (conf.
2153 286 2361 343 Calpurn.

177 361 326 416 Eclog.
345 360 399 401 V.
423 358 492 401 65.
516 357 712 408 111.·66.),
753 357 811 398 At
835 356 967 397 totius
988 356 1226 398 sententiae
1256 353 1541 396 conformatio
1562 354 1747 408 pessime
1769 352 1966 409 neglecta
1996 353 2050 395 ab
2082 356 2198 396 omni
2219 367 2361 396 emen-

173 427 311 471 dandi
332 433 491 470 conatu
511 424 733 467 absterret.
771 423 833 466 Ut
857 425 967 466 enim
988 420 1198 479 particula
1224 427 1269 463 et
1290 421 1373 463 hoc
1395 419 1495 462 loco
1516 419 1658 462 valeat
1693 420 1814 463 »und
1835 433 1885 462 so
1911 420 2025 463 fort«
2040 454 2050 471 ,
2081 420 2201 477 quod
2222 429 2363 464 tamen

177 495 405 539 Dissenius
435 495 590 536 merito
622 498 899 548 aspernatur,
937 492 1011 546 qui
1038 490 1174 546 possit
1203 487 1440 530 infinitivus
1473 486 1723 546 obriguisse
1763 502 1812 530 ex
1851 487 2005 530 eodem
2033 488 2170 532 verbo
2197 488 2363 543 fertur

175 562 397 620 pendere?
422 561 545 618 Quid
566 569 705 604 tamen
727 561 866 602 istuc?
884 557 1048 612 fertur·
1059 555 1236 614 Apollo
1259 554 1467 598 docuisse
1483 578 1531 586 —
1553 560 1599 597 et
1620 555 1770 611 liquor
1789 554 2062 613 obriguisse?
2083 556 2361 599 scribendum

176 628 330 673 saltem
360 636 470 672 erat:
504 635 548 670 et
577 635 664 670 tum
685 628 868 683 primum
897 624 1138 680 obriguisse
1163 623 1319 679 liquor.
1366 622 1547 664 Tantam
1569 621 1894 679 componendae
1917 625 2124 666 orationis
2152 626 2361 667 inscitiam

174 703 305 741 nemo
329 700 413 740 erit
439 698 515 753 qui
535 694 714 738 Tibullo
739 694 908 750 dignam
930 692 1072 735 ducat.
1095 716 1148 724 —
1173 706 1212 732 v.
1231 690 1290 732 30
1309 704 1402 746 sqq.
1433 691 1481 732 In
1500 690 1564 732 his
1585 690 1775 733 distichis
1796 690 2024 733 Dissenius
2049 691 2176 744 (vide
2199 693 2361 750 proleg.

177 781 221 823 p.
242 766 300 809 84
320 768 412 822 sq.)
441 763 719 822 reprehendit
741 762 1014 818 anaphoram.
1043 761 1149 802 mire
1174 761 1285 801 enim
1306 773 1376 800 res
1400 759 1514 800 inter
1532 772 1578 800 se
1609 757 1905 800 dissimillimas
1929 761 2151 815 componi,
2181 760 2362 803 vitulum

177 841 389 891 gestatum
411 840 452 876 et
471 834 659 875 carmina
679 829 814 872 boum
837 830 1002 884 mugitu
1030 834 1178 884 rupta,
1208 826 1364 882 templa
1396 826 1566 869 deserta
1597 833 1639 867 et
1666 825 1844 882 capillos
1869 826 2099 882 neglectos.
2147 828 2362 885 Equidem

176 916 270 945 non
303 903 462 944 invitus
493 898 688 943 concedo
710 930 721 948 ‚
757 899 888 939 totius
926 896 1013 938 loci
1052 895 1409 952 compositionem
1450 893 1678 936 laborare:
1720 893 1799 935 sed
1830 895 2075 950 anaphorae
2103 910 2225 938 usum
2253 904 2360 953 puto

179 968 504 1027 quodammodo
535 965 712 1010 defendi
740 979 880 1021 posse.
934 964 1078 1019 Atque
1118 962 1174 1005 de
1204 960 1502 1018 superioribus
1530 961 1742 1013 distichis,
1779 962 1824 1003 in
1853 961 2011 1018 quihus
2042 977 2125 1005 vox
2154 966 2361 1021 quotiens

178 1040 391 1094 geminata
411 1043 495 1088 est,
525 1049 595 1078 res
615 1032 731 1075 facili
753 1033 926 1087 negotio
949 1029 1187 1073 conficitur.
1214 1030 1373 1071 Demto
1397 1030 1507 1071 enim
1530 1031 1737 1072 orationis
1759 1037 1916 1072 ornatu
1937 1038 2115 1087 apparet
2136 1032 2246 1074 hanc
2267 1046 2362 1075 esse

175 1107 447 1149 sententiam:
478 1101 638 1160 Apollo
662 1101 849 1159 negotia
868 1100 1112 1156 pastoritia
1135 1097 1276 1151 (conf.
1300 1098 1330 1139 Ι.
1357 1098 1401 1147 l,
1431 1097 1489 1138 29
1510 1099 1602 1153 sq.)
1631 1103 1816 1140 strenue
1848 1097 1978 1149 obiit,
2007 1101 2066 1141 ita
2092 1107 2138 1142 ut
2165 1114 2296 1157 saepe
2321 1108 2363 1143 et

175 1173 337 1216 vitulos
357 1173 544 1215 humeris
563 1175 752 1226 gestaret
775 1174 817 1210 et
839 1169 950 1210 inter
971 1169 1064 1223 ipsa
1085 1172 1275 1209 armenta
1298 1166 1483 1207 carmina
1505 1172 1693 1208 caneret.
1720 1167 1968 1221 Utrumque
1986 1166 2112 1209 valde
2135 1167 2362 1211 abhorruit

175 1254 202 1284 a
222 1254 407 1298 persona
429 1242 523 1283 eius
545 1238 639 1290 dei,
663 1239 738 1294 qui
754 1250 898 1278 arcum
921 1235 1153 1292 fulgentem
1175 1233 1287 1287 (vid.
1304 1234 1411 1276 Hor.
1429 1233 1480 1277 C.
1498 1234 1615 1276 Saec.
1631 1249 1669 1275 v.
1685 1233 1774 1287 32.)
1795 1234 1973 1276 humero
1995 1242 2163 1290 gestare
2187 1243 2228 1279 et
2249 1238 2361 1280 inter

174 1309 293 1352 lovis
327 1322 509 1351 coenam
539 1306 636 1363 lyra
666 1319 822 1348 canere
854 1305 991 1357 (Hor.
1018 1303 1069 1347 C.
1093 1304 1123 1347 l.
1145 1303 1224 1354 32,
1257 1302 1346 1354 16.)
1379 1301 1532 1344 solitus
1562 1308 1663 1345 erat.
1711 1302 1994 1358 Quapropter
2025 1318 2136 1359 quae
2163 1304 2227 1346 his
2256 1307 2360 1362 ipsis

175 1377 311 1421 rebus
340 1377 556 1420 contraria
577 1380 695 1425 sunt,
727 1372 902 1414 humilia
925 1371 1024 1415 dico
1045 1370 1270 1428 pastoralis
1298 1385 1426 1412 curae
1446 1371 1638 1427 negotia,
1669 1377 1769 1426 apte
1797 1371 1879 1412 hoc
1905 1370 2004 1413 loco
2028 1379 2360 1428 componuntur.

175 1444 326 1488 Multo
349 1443 404 1486 ad
427 1441 724 1499 explicandum
755 1438 978 1482 difficilior
1008 1446 1071 1482 est
1101 1441 1211 1481 ratio
1236 1439 1506 1494 anaphorae,
1537 1453 1648 1494 quae
1678 1445 1742 1481 est
1772 1441 1816 1480 in
1848 1437 2212 1495 subsequentibus
2245 1440 2362 1483 disti-

178 1512 280 1556 chis.
321 1511 443 1567 Quid
465 1512 576 1553 enim
600 1523 667 1552 res
697 1510 748 1550 iis
774 1507 1008 1564 explicatae
1032 1506 1167 1549 simile
1191 1513 1264 1549 aut
1287 1520 1511 1548 commune
1533 1505 1717 1548 habent?
1752 1506 1916 1548 Dicam.
1956 1506 2034 1548 Est
2055 1506 2204 1559 dolor,
2230 1522 2361 1564 quem

174 1579 420 1638 neglectum
442 1578 496 1621 ab
518 1577 725 1635 Apolline
759 1583 801 1619 et
830 1578 990 1633 ingenii
1013 1582 1056 1617 et
1086 1576 1282 1631 corporis
1304 1574 1438 1617 decus
1469 1581 1722 1617 commovet.
1754 1573 1905 1616 dolent
1936 1577 2046 1616 enim
2077 1577 2126 1626 ii,
2159 1578 2233 1633 qui
2263 1590 2361 1619 ora-

174 1647 319 1692 culum
348 1647 603 1690 sciscitaturi
633 1646 847 1688 desertum
884 1643 993 1686 illud
1030 1645 1293 1685 invenerunt
1334 1650 1377 1685 et
1407 1642 1567 1684 infecta
1599 1656 1646 1684 re
1679 1642 1854 1684 domum
1891 1648 2199 1685 revertuntur:
2237 1643 2362 1686 dolet

177 1719 304 1760 etiam
331 1716 501 1758 Latona
521 1748 532 1765 ‚
568 1715 814 1756 inornatum
850 1710 931 1754 filii
961 1710 1162 1768 capillum
1199 1712 1457 1767 conspicata.
1510 1711 1656 1766 Atque
1687 1717 1872 1766 utraque
1910 1725 1985 1761 re,
2019 1717 2060 1753 et
2098 1712 2361 1755 vaticinandi

174 1791 266 1828 arte
301 1790 345 1826 et
383 1784 578 1839 corporis
618 1782 786 1832 forma,
823 1782 1028 1836 imprimis
1066 1779 1256 1821 crinibus
1286 1778 1449 1835 Apollo
1487 1777 1695 1835 gloriatus
1735 1785 1826 1820 est:
1868 1793 1995 1834 quam
2033 1778 2211 1835 gloriam
2249 1780 2357 1823 Iuno

176 1851 294 1909 apud
324 1851 563 1893 Lucianum
601 1849 744 1903 (Dial.
775 1847 894 1891 deor.
924 1847 1071 1900 XVI.)
1109 1847 1235 1890 ridet.
1294 1847 1429 1903 Quod
1468 1849 1504 1889 si
1541 1849 1744 1903 scriptum
1779 1853 1891 1889 esset
1928 1848 1972 1888 in
2011 1847 2123 1889 hunc
2160 1848 2356 1891 modum:

173 1932 304 1976 saepe
335 1918 475 1961 doluit
502 1920 621 1960 irrita
649 1915 779 1959 turba
809 1948 923 1959 ......
953 1930 1084 1972 saepe
1112 1915 1255 1959 doluit
1280 1915 1468 1967 Latona,
1500 1915 1685 1957 offensio
1716 1915 1980 1971 anaphorae,
2011 1929 2123 1971 quae
2151 1916 2355 1960 Dissenio

174 1986 456 2030 intolerabilis
477 1989 567 2028 visa
595 1992 676 2035 est,
706 1998 856 2040 magna
883 1998 933 2026 ex
954 1991 1075 2040 parte
1101 1982 1269 2026 sublata
1293 1982 1417 2025 foret.
1460 1984 1641 2026 Restant
1671 1983 1774 2034 alia,
1803 1985 1979 2038 quaein
2002 1983 2357 2039 disceptationem

174 2057 376 2107 veniant,
416 2053 493 2097 sed
523 2053 696 2096 leviora.
755 2053 804 2094 ln
833 2065 962 2094 versu
998 2041 1182 2108 namque
1213 2051 1366 2107 quinto
1399 2049 1565 2093 decimo
1596 2051 1799 2106 Heynius
1830 2057 1871 2092 et
1902 2050 2150 2093 Huschkius
2181 2058 2359 2094 tuentur

175 2126 427 2181 scripturam
456 2122 740 2179 plurimorum
770 2119 979 2162 librorum
1006 2125 1134 2163 tunc:
1165 2119 1465 2162 Lachmannus
1495 2133 1622 2170 vero,
1653 2119 1901 2169 Dissenius‚
1933 2117 2156 2174 Gruppius
2181 2119 2356 2162 alteram

173 2199 282 2236 tum.
333 2191 446 2235 Cum
476 2197 604 2247 poeta
633 2189 927 2232 inventionem
959 2188 1107 2230 harum
1138 2201 1279 2229 rerum
1311 2186 1504 2243 Apollini
1534 2185 1695 2228 tribuat
1715 2219 1726 2238 ,
1757 2186 1858 2228 mihi
1890 2192 1996 2228 tunc
2027 2188 2155 2242 magis
2177 2220 2186 2237 ‚
2228 2202 2355 2243 quam

173 2266 268 2303 tum
291 2258 519 2316 probatur:
552 2264 615 2300 est
640 2258 751 2299 enim
781 2255 872 2298 fere
904 2262 998 2298 tum
1019 2257 1223 2312 primum.
1249 2279 1297 2285 -—
1323 2255 1467 2297 Versu
1492 2254 1815 2311 undevigesimo
1836 2255 2065 2310 Heynius,
2089 2254 2357 2308 Huschkius,

175 2327 492 2377 Lachmannus‚
516 2326 744 2367 Dissenius
773 2324 827 2367 ad
850 2338 981 2365 unum
1004 2339 1151 2367 omnes
1176 2323 1389 2366 dederunt
1409 2322 1534 2374 dum,
1564 2323 1791 2380 repudiata
1820 2323 1953 2365 altera
1983 2324 2212 2379 scriptura,
2244 2339 2356 2380 quae

173 2409 411 2453 paucorum
443 2393 654 2436 librorum
685 2399 768 2444 est,
799 2406 912 2435 cum.
956 2392 1093 2435 Recte
1124 2391 1296 2448 quidem
1328 2393 1582 2447 grammatici
1615 2391 1796 2442 docent,
1829 2390 1934 2433 dum
1962 2391 2215 2447 plerumque
2246 2392 2358 2435 indi-

173 2466 316 2506 cativo
345 2461 469 2505 verbi
500 2463 644 2517 iungi:
682 2474 768 2516 qua
799 2459 854 2502 de
887 2474 1035 2502 caussa
1066 2459 1314 2501 Huschkius
1346 2473 1522 2515 operam
1562 2458 1709 2509 dedit,
1747 2465 1795 2500 ut
1825 2472 1947 2500 usum
1979 2460 2241 2501 coniunctivi
2272 2459 2357 2502 hoc

173 2531 276 2575 loco
312 2532 442 2588 positi
476 2530 730 2571 auctoritate
769 2525 951 2569 aliorum
989 2530 1244 2584 scriptorum
1282 2526 1473 2568 firmaret
1515 2525 1657 2578 (adde
1690 2527 1792 2568 Tac.
1824 2541 1920 2568 ann.
1950 2527 2026 2567 Vl.
2061 2527 2125 2568 19.
2158 2534 2201 2568 et
2242 2527 2354 2570 conf.

171 2601 350 2642 omnino
379 2597 520 2640 Hand.
550 2596 603 2639 ad
625 2595 812 2638 Tursell.
835 2597 980 2651 partic.
1008 2595 1132 2636 Tom.
1155 2594 1207 2635 ΙΙ.
1238 2609 1278 2650 p.
1303 2594 1389 2635 305
1421 2600 1464 2635 et
1494 2593 1578 2634 312
1609 2595 1704 2649 sq.).
1757 2593 1844 2635 Res
1876 2600 1941 2635 est
1970 2592 2204 2635 manifesta.
2255 2594 2357 2636 Dici

172 2673 316 2723 potest
345 2664 451 2708 dum
480 2666 625 2715 canit,
655 2661 775 2720 quod
803 2677 1004 2719 praesens
1034 2675 1243 2718 persaepe
1275 2667 1340 2703 est
1366 2661 1614 2703 historicum
1646 2660 1766 2716 quod
1798 2667 1998 2708 vocatum
2031 2658 2136 2702 dum
2164 2660 2356 2703 canebat

174 2735 253 2786 (so
274 2732 396 2790 lange
418 2747 467 2775 er
489 2733 644 2788 sang);
675 2730 781 2773 dum
810 2732 989 2782 cecinit,
1019 2728 1096 2772 ubi
1126 2731 1329 2784 temporis
1356 2730 1538 2784 spatium
1561 2731 1684 2783 quasi
1707 2730 1966 2784 cogitatione
1990 2729 2356 2784 circumscriptum

173 2807 346 2844 tenetur
381 2802 460 2853 (so
494 2799 618 2856 lange
649 2798 760 2842 oder
785 2797 993 2841 wahrend
1025 2811 1075 2839 er
1102 2810 1320 2853 gesungen
1356 2795 1473 2848 hat):
1518 2795 1734 2852 denique,
1773 2794 1818 2837 id
1854 2795 1974 2851 quod
2011 2795 2094 2837 hoc
2121 2794 2222 2839 loco
2251 2796 2357 2854 legi-

171 2875 265 2921 tur,
302 2866 409 2910 dum
439 2873 623 2910 caneret
659 2868 821 2919 (wenn
852 2880 898 2908 er
927 2864 1081 2908 einmal
1119 2864 1229 2907 oder
1257 2877 1386 2906 wenn
1413 2877 1463 2906 er
1499 2863 1657 2920 gerade
1693 2864 1843 2919 sang):
1885 2864 1953 2905 cui
1988 2863 2265 2906 coniunctivo
2306 2878 2356 2907 ea

171 2938 238 2979 vis
266 2942 359 2990 est,
396 2941 444 2979 ut
470 2949 540 2978 res
570 2949 595 2977 a
625 2946 755 2977 sensu
790 2940 880 2978 tota
917 2933 971 2977 ad
999 2939 1182 2977 mentem
1212 2938 1255 2975 et
1287 2933 1589 2989 cogitationem
1618 2936 1859 2974 revocetur.
1893 2955 1947 2966 —
1975 2929 2162 2988 trepidis
2200 2931 2355 2984 rebus,
