2462 3112
1179 110 1326 151 XVIII

182 233 304 276 etiam
338 229 520 274 fontium
549 233 591 273 et
618 228 802 272 amnium
831 241 966 284 aquae
998 226 1147 272 undae
1181 236 1401 273 vocantur.
1440 251 1497 261 -
1551 242 1593 276 v.
1621 230 1690 274 47.
1748 230 1849 275 Νο0
1876 236 1919 276 10
1946 234 2169 290 poeniteat
2197 233 2332 281 duros

179 299 360 342 subiisse
398 297 573 340 labores
610 303 684 339 aut
721 310 860 354 opera
895 297 1081 340 insuetas
1117 299 1338 340 atteruisse
1372 311 1532 340 manus.
1587 298 1651 341 Ita
1690 298 1918 343 ediderunt
1956 302 2250 347 Lachmannus
2288 310 2334 348 et

179 368 423 410 Dissenius‚:
465 366 665 421 Heynius
697 370 836 406 autem
868 366 1012 422 operi,
1057 364 1303 408 Huschkius
1336 380 1505 422 opere.-
1541 365 1617 408 Est
1648 365 1754 409 haec
1784 370 1964 411 varietas
1998 373 2246 426 scripturae.
2280 385 2332 414 30

177 435 402 477 Dissenius‚
438 433 610 489 quidem
645 445 734 475 non
763 431 973 474 librorum
1003 434 1271 485 auctoritate,
1310 447 1440 489 quae,
1478 447 1574 476 cum
1604 436 1731 478 toties
1761 450 1920 493 opera,
1959 440 2101 495 operi,
2142 453 2278 496 opere
2305 453 2337 494 3

179 502 363 545 librariis
402 507 657 543 commutata
694 501 798 551 sint,
839 506 955 542 certe
993 506 1057 542 est
1095 501 1261 556 exigua,
1301 500 1377 542 sed
1414 503 1563 544 nescio
1603 516 1688 558 qua
1725 501 1933 559 elegantia
1970 506 2118 548 mutati
2154 504 2334 549 subiecti

175 576 412 614 commotus
441 571 690 625 scripturam
720 582 859 624 opera
891 566 1026 610 multo
1059 569 1117 609 ait
1145 569 1360 623 potiorem
1390 582 1495 611 esse.
1547 567 1757 625 Equidem
1785 584 1875 613 11011
1903 570 2053 623 video,
2085 571 2193 628 quid
2220 572 2330 616 boni

180 644 222 680 et
251 636 463 680 commodi
491 635 645 677 habeat
674 635 780 677 11300
805 634 990 677 3111110011
1017 636 1215 685 mutatio,
1245 648 1326 677 nec
1353 641 1547 677 veterum
1575 637 1770 693 cuiquam
1790 651 1978 695 unquam
1999 639 2128 682 credo
2151 641 2196 682 in
2215 648 2332 684 men—

178 712 261 747 tem
292 705 478 754 venisse,
518 701 738 744 Tibullum
777 701 862 743 hoc
899 700 999 744 loco
1039 703 1139 744 istas
1179 703 1382 745 orationis
1421 717 1596 746 veneres
1632 711 1833 747 sectatum
1874 720 1978 749 esse.
2036 706 2331 758 Lachmannus

178 770 366 814 laudavit
387 769 536 826 Virgil.
559 768 720 826 Georg.
741 769 773 811 Ι.
792 769 889 812 277.
939 769 1132 811 11.‡472.:
1175 769 1251 812 sed
1281 770 1386 826 quid
1413 772 1518 812 novi
1549 785 1599 813 ex
1635 771 1700 813 his
1737 771 1842 815 locis
1872 773 1997 825 disci,
2037 781 2108 816 aut
2138 773 2243 830 quid
2269 773 2359 819 illi·

181 839 234 882 ad
263 837 596 882 confirmandam
627 839 877 893 scripturam
907 850 1046 892 opera
1074 839 1261 892 prosint,
1291 851 1381 880 11011
1409 837 1614 894 intelligo.
1671 839 1782 882 Mihi
1812 840 1921 882 ordo
1951 840 2185 883 verborum
2212 841 2332 884 vide-

176 915 246 950 tur
271 905 508 963 postulare,
544 911 592 955 ut
620 904 730 947 idem
762 903 998 946 subiectum
1025 903 1285 947 obtineatur.
1343 904 1490 947 Verba
1516 912 1671 962 poetae
1701 913 1799 949 sunt
1827 907 1950 949 haec:
1991 921 2073 950 1100
2102 914 2147 951 te
2177 909 2328 965 poeni-

178 981 279 1026 teat,
305 973 488 1017 subiisse
518 1004 527 1015 .
545 1004 554 1014 .
572 1003 581 1014 .
612 978 692 1014 aut
720 973 746 1014 i.
771 986 825 1023 e.,
855 978 903 1013 ut
930 978 1079 1014 nostro
1108 985 1229 1014 more
1257 971 1482 1028 explicem,
1513 980 1594 1016 aut
1622 976 1776 1017 etiam:
1806 989 1902 1018 nam
1930 975 2206 1032 progreditur
2233 991 2331 1020 ora·

177 1045 239 1086 tio
269 1041 325 1084 ad
353 1039 515 1097 aliquid
544 1041 676 1081 maius
706 1038 784 1092 (cf.
807 1038 948 1081 Hand.
970 1039 1024 1081 de
1047 1041 1193 1094 partic.
1218 1041 1339 1081 Tom.
1359 1041 1390 1082 Ι.
1412 1055 1453 1096 p.
1478 1041 1589 1094 537)
1618 1056 1767 1084 manus
1795 1045 2004 1086 attrivisse
2037 1051 2172 1101 opere
2200 1051 2330 1102 antea

176 1114 384 1154 insuetas:
415 1110 535 1150 cuius
564 1105 765 1148 vocabuli
792 1108 857 1148 vis
886 1109 985 1148 satis
1014 1105 1218 1149 definitur
1247 1120 1354 1149 voce
1382 1109 1574 1163 proxime
1604 1108 1813 1151 collocata
1843 1124 1993 1167 opere.
2036 1111 2331 1156 Veruntamen

180 1178 290 1223 ordo
320 1176 551 1220 verborum
580 1176 673 1231 ipse
701 1173 872 1216 videtur
901 1174 1103 1225 suadere,
1141 1180 1190 1216 ut
1219 1176 1344 1232 operi
1372 1173 1556 1231 legatur,
1598 1179 1847 1232 praesertim
1878 1192 1972 1219 cum
2001 1177 2180 1221 verbum
2216 1184 2332 1223 atte-

179 1261 281 1298 rere
307 1246 541 1300 suassipsius
570 1245 614 1284 vi
641 1257 692 1284 30
719 1241 914 1298 1101111010
945 1249 1037 1284 3101.
1067 1266 1122 1275 —-
1179 1256 1219 1284 V.
1250 1242 1317 1284 55.
1374 1242 1668 1285 Lachmannus
1697 1243 1846 1287 maluit
1874 1245 2023 1298 scribi,
2050 1260 2105 1288 ne
2130 1248 2331 1302 repetitio

177 1313 422 1371 imperfecta
449 1318 575 1361 esset,
606 1317 713 1367 apta
743 1308 867 1351 dabit
894 1322 974 1365 pro
1005 1315 1138 1367 rapta
1169 1307 1302 1351 dabit.
1350 1308 1474 1351 Vidit
1502 1311 1568 1351 vir
1597 1310 1884 1363 doctissimus,
1910 1325 2001 1355 non
2030 1315 2222 1369 potuisse
2248 1313 2332 1356 hoc

179 1383 280 1427 loco
311 1386 445 1438 rapta
483 1377 609 1436 dabit·
639 1378 763 1434 poni,
803 1378 841 1418 si
869 1379 1092 1433 superiore
1121 1375 1221 1418 loco
1251 1378 1452 1434 scriptum
1484 1384 1597 1420 esset
1625 1385 1732 1436 apta
1763 1378 1904 1422 dabit:
1943 1381 2063 1437 quod
2093 1382 2204 1424 enim
2231 1380 2333 1424 Dis-

178 1453 323 1495 senius
353 1449 472 1499 dicit,
510 1454 641 1489 totam
679 1447 930 1502 pentametri
965 1446 1217 1487 sententiam
1250 1444 1489 1503 pugnabit,
1526 1445 1610 1503 sed
1644 1453 1795 1490 tamen
1832 1446 1955 1491 dabit
1991 1448 2074 1499 hoc
2102 1448 2232 1492 modo
2261 1461 2332 1491 re·

181 1521 286 1577 peti,
325 1524 398 1560 301
425 1518 594 1558 iocatur
623 1520 695 1556 aut
724 1512 841 1555 aliud
872 1515 967 1569 egit.
1026 1511 1142 1554 Illud
1174 1519 1317 1554 autem
1351 1513 1463 1556 idem
1496 1520 1613 1555 recte
1640 1516 1825 1566 monuit,
1861 1528 1952 1556 non
1983 1515 2195 1571 quadrare
2222 1521 2332 1573 apta

180 1586 458 1642 subsequenti
491 1582 678 1638 offeret.
734 1582 844 1625 Mihi
872 1595 1120 1638 persuasum
1153 1586 1232 1631 est,
1270 1582 1393 1622 etiam
1427 1582 1474 1623 in
1509 1594 1640 1622 versu
1668 1581 2016 1637 quinquagesimo
2047 1589 2200 1636 quarto
2229 1576 2333 1625 scri-

178 1655 367 1699 bendum
391 1667 504 1696 esse:
534 1657 667 1710 rapta
688 1649 830 1693 dabit:
862 1648 1021 1691 dixerat
1046 1654 1196 1704 poeta,
1227 1649 1378 1705 rapias
1408 1653 1502 1691 tum
1528 1662 1626 1690 cara
1654 1647 1801 1690 licebit
1830 1647 2005 1690 oscula:
2029 1647 2147 1690 addit
2171 1661 2333 1706 pugna-
2356 1637 2359 1642 ”
2430 1652 2433 1656 ’

180 1732 322 1767 11110111
352 1721 523 1779 quidem
551 1733 732 1776 puerum
760 1732 876 1768 esse,
909 1716 987 1759 sed
1018 1716 1215 1758 daturum
1244 1722 1386 1757 tamen
1418 1714 1583 1767 oscula,
1614 1717 1774 1758 etiamsi
1795 1715 1902 1758 haec
1922 1715 2068 1758 oscula
2088 1719 2209 1772 rapta'
2227 1717 2331 1768 sint,

179 1795 206 1836 i.
239 1806 276 1835 e.
305 1791 390 1833 ihm
419 1791 465 1831 in
493 1787 587 1830 Eile
615 1783 988 1842 genommene·vel
1017 1782 1245 1839 geraubte:
1283 1783 1468 1838 denique
1498 1797 1594 1824 cum
1630 1785 1674 1825 vi
1710 1783 1817 1825 haec
1850 1782 1997 1826 eadem
2033 1783 2168 1827 verba
2202 1796 2331 1840 repe-

179 1867 271 1903 tens
301 1860 378 1900 ait:
408 1861 541 1913 rapta
571 1853 694 1896 dabit
721 1854 878 1910 primo.
936 1851 1084 1908 Apta,
1116 1851 1217 1893 dum
1245 1857 1428 1906 pugnat,
1464 1850 1611 1893 oscula
1639 1864 1730 1893 non
1758 1857 1877 1893 sunt:
1916 1857 2014 1907 apta
2043 1853 2154 1893 enim
2183 1849 2331 1894 oscula

181 1924 537 1980 suntflagrantia
575 1928 616 1964 et
652 1920 780 1977 plena
816 1919 1033 1961 lasciviae:
1072 1918 1128 1961 ad
1163 1918 1278 1959 hunc
1311 1917 1502 1959 furorem
1531 1931 1642 1973 puer
1669 1917 1906 1974 paullatim,
1940 1924 2167 1974 postquam
2195 1919 2332 1961 crevit

180 1995 364 2045 insania,
393 1989 618 2034 delabitur.
670 1989 768 2029 Hoc
794 1986 926 2029 modo
957 1988 1126 2042 egregie
1153 1984 1285 2027 verba
1314 1984 1470 2028 oscula
1499 1991 1632 2042 rapta
1663 1984 1785 2028 dabit
1813 1992 2092 2042 opponuntur
2119 1987 2190 2038 iis,
2219 1999 2331 2042 quae

181 2058 530 2116 subsequuntur,
563 2062 669 2114 post
708 2056 841 2097 etiam
879 2053 998 2097 collo
1037 2068 1087 2096 se
1123 2053 1388 2110 implicuisse
1425 2051 1568 2095 volet:
1610 2052 1675 2094 his
1714 2052 1882 2095 demum
1921 2051 2185 2109 temporibus
2217 2059 2332 2110 apta

172 2128 330 2173 'oscula
357 2126 626 2169 conveniunt.
684 2123 885 2178 Heynius
912 2127 955 2163 01
982 2121 1207 2164 Dissenius
1236 2135 1331 2163 011111
1361 2125 1469 2177 apta
1498 2118 1727 2175 explicant,
1767 2134 1882 2177 quae
1911 2133 1991 2162 ore
2019 2133 2112 2162 non
2149 2120 2328 2165 nimium

185 2197 463 2241 detrectante
504 2191 687 2242 dentur,
707 2195 709 2197 '
728 2203 819 2231 rem
853 2190 974 2231 nimis
1006 2194 1253 2237 extenuant3
1293 2186 1428 2229 multo
1456 2186 1605 2229 melius
1636 2186 1785 2230 Lohrs.
1807 2186 1862 2229 ad
1885 2185 2014 2229 Ovid.
2035 2185 2212 2229 Heroid.
2233 2187 2329 2230 XV.

185 2266 280 2308 130.
312 2275 317 2280 ·
340 2262 547 2307 Ceterum
577 2259 736 2302 confer.
757 2258 907 2301 Horat.
930 2256 983 2298 11.
1005 2256 1077 2307 12,
1100 2256 1156 2296 26
1177 2269 1268 2310 sqq.
1308 2277 1363 2286 —
1419 2268 1460 2296 V.
1490 2253 1557 2296 57.
1613 2253 1716 2296 Heu
1753 2253 1870 2296 male
1904 2267 2023 2297 nunc
2052 2257 2175 2296 artes
2202 2255 2329 2299 mise-

183 2346 260 2376 ras
296 2330 407 2374 haec
445 2327 598 2372 secula
635 2331 855 2369 tractant:
893 2326 981 2366 iam
1016 2330 1144 2366 tener
1171 2323 1365 2365 assuevit
1393 2335 1578 2375 munera
1605 2320 1720 2363 velle
1744 2335 1869 2379 puer.
1925 2321 2075 2364 Altero
2105 2335 2232 2365 versu
2257 2334 2329 2364 re-

183 2396 464 2458 prehenditur
492 2395 658 2450 largitio
688 2407 856 2444 eorum,
886 2393 960 2447 qui
989 2405 1221 2447 puerorum
1250 2390 1410 2431 animos
1440 2388 1565 2430 donis
1594 2389 1785 2445 capiunt,
1815 2387 1952 2430 altero
1982 2389 2153 2450 avaritia
2171 2387 2345 2444 puero?

184 2483 279 2512 rum
306 2466 371 2508 his
400 2461 695 2519 largitionibus
725 2467 820 2503 nata
852 2468 892 2502 et
922 2461 1117 2502 enutrita.
1173 2458 1324 2512 Itaque
1354 2455 1440 2498 hae
1468 2461 1591 2498 artes
1618 2456 1806 2497 miserae
1833 2461 1932 2497 sunt
1967 2468 2107 2497 novae
2141 2451 2328 2498 viae-ad
2394 2491 2397 2501 ,

107 2560 109 2562 -
187 2533 437 2592 captandam
473 2531 693 2572 Venerem
733 2534 941 2583 repertae.
984 2528 1173 2568 miserae
1208 2530 1415 2566 vocantur
1448 2525 1476 2565 i.
1506 2537 1541 2564 e.
1571 2520 1966 2576 beklagenswerthe
1996 2520 2068 2563 vel
2102 2518 2328 2577 armselige.

186 2604 320 2654 male,
349 2614 460 2658 quae
488 2598 661 2655 quidem
687 2610 802 2638 nunc
833 2602 896 2638 est
923 2593 1155 2637 verborum
1178 2594 1392 2641 iunctura,
1422 2598 1512 2633 11011
1539 2587 1672 2632 valde
1700 2587 1926 2644 significat,
1954 2587 2031 2637 sd
2059 2589 2330 2644 111011110οι-

185 2670 429 2730 plicandum
469 2673 531 2709 est
567 2665 642 2707 auf
677 2666 770 2706 eine
803 2662 906 2705 iible
933 2663 1093 2704 Weise
1123 2662 1149 2702 i.
1178 2674 1212 2703 e.
1243 2673 1339 2701 zum
1368 2657 1541 2701 Unheil.
1599 2658 1719 2699 Haec
1756 2659 1897 2699 omnia
1932 2655 2059 2713 plana
2092 2662 2211 2706 sunt:
2250 2654 2330 2698 sed

187 2737 305 2783 nunc
335 2741 538 2793 sequente
568 2732 678 2775 haec
712 2729 904 2773 offendit.
959 2729 1203 2778 Dissenius‚
1240 2725 1448 2782 intellige,
1487 2726 1646 2780 inquit,
1689 2738 1783 2766 cum
1821 2730 1943 2766 antea
1978 2721 2155 2765 meliora
2186 2728 2330 2766 essent

188 2809 293 2851 haec
321 2803 484 2854 secula,
521 2801 748 2844 recentiori
779 2805 970 2854 tempore
1001 2810 1135 2852 prava
1163 2794 1272 2835 facta
1299 2799 1411 2835 sunt.
1467 2792 1525 2834 At
1553 2790 1663 2834 haec
1691 2790 1836 2833 secula
1866 2797 2000 2832 antea
2027 2790 2330 2834 melioraffesse

190 2889 279 2919 non
314 2876 528 2930 poterant,
567 2870 666 2925 quia
701 2866 813 2910 haec
841 2864 986 2907 secula
1015 2869 1150 2906 antea
1180 2862 1353 2903 omnino
1383 2873 1472 2902 non
1499 2858 1683 2901 fuerunt.
1739 2856 1951 2918 Equidem
1988 2855 2328 2914 distinguendum

190 2950 316 3000 puto:
354 2941 453 2982 Heu
481 2936 588 2980 male
617 2938 751 2978 nunc!
789 2940 899 2977 artes
928 2934 1100 2976 miseras
1130 2930 1237 2972 11300
1265 2927 1407 2971 secula
1443 2933 1640 2971 tractant:
1682 2926 1770 2970 Iam
1798 2932 1922 2969 tener
1949 2932 2026 2968 cet.
2083 2924 2189 2969 Heu.
2207 2922 2328 2966 male
