2462 3112
1195 106 1380 146 XXVIII

218 219 418 277 ,subrepit
457 221 525 272 (v.
554 218 650 271 21).
708 218 766 261 In·
787 217 876 260 alii's
913 217 1034 260 libris
1064 218 1290 277 subrepit,
1323 208 1371 262 in
1405 219 1496 263 aliis
1522 219 1728 279 subrepet
1758 220 1926 278 legitur:
1962 222 2007 265 id
2035 222 2356 268 cui-'fortianum

221 289 374 345 possit,
410 300 499 329 non
527 284 728 340 dispicio:
756 284 882 340 ferri
917 285 1034 328 dico:
1071 300 1166 328 nam
1202 289 1413 343 potiorem
1451 302 1545 330 esse
1580 288 1753 331 alteram
1786 291 2070 346 scriptu-ram,⁴
2087 291 2354 335 manifestum

223 362 295 398 est.
335 355 522 410 quippe,
565 367 764 409 praeseus
802 355 912 396 enim
951 353 1226 396 sollicitudini
1258 353 1429 410 puellae
1466 357 1596 412 magis
1632 358 1841 398 convenit.
1862 376 1931 390 ---
1973 357 2043 399 At
2081 364 2130 400 tu
2163 358 2355 403 venandi

222 420 419 465 studium
449 420 643 464 concede
677 424 864 479 parenti.
910 421 955 463 Si
994 421 1137 477 puella
1165 422 1295 464 latine
1331 421 1473 464 locuta
1511 429 1574 465 est
1587 455 1602 478 ,γ
1636 437 1724 465 non
1762 431 1904 480 potest
1934 438 2098 482 parens
2133 429 2226 469 uisi,
2246 426 2355 472 adoss

220 488 443 533 lescentuli
479 487 679 544 intelligi:
716 490 751 530 si
782 488 958 544 puellae
983 495 1114 545 pater
1143 489 1378 540 diceretur,
1415 489 1560 532 addito
1599 504 1708 546 opus
1748 498 1837 533 erat
1873 495 2125 548 pronomine
2158 508 2257 537 ηοω
2279 493 2355 537 inl

222 555 337 599 mihi.
359 581 412 591 --
444 555 591 599 C.1V.
617 571 655 597 v.
679 556 717 599 1.
746 555 925 598 morbos
953 557 1138 614 expelle.
1166 558 1286 599 Haec
1312 560 1517 615 scriptura
1544 560 1641 600 satis
1668 561 1856 601 munitur
1883 560 2197 613 Horatii'loco,
2226 576 2354 618 quem

223 623 362 667 attulit
390 622 687 666 Broukhusius
717 623 821 680 (Ep.
851 623 913 674 11,
940 624 990 675 2,
1021 624 1142 677 137).
1186 625 1278 666 Nec
1309 625 1484 668 dubium
1514 641 1604 668 esse
1632 634 1788 683 potest,
1819 629 1923 683 quin
1954 628 2175 686 expellere
2201 627 2354 672 fortius

221 693 305 743 sit,
344 706 468 747 quam
510 690 758 749 depellere:
796 691 900 733 illud
940 694 1048 733 euim
1087 692 1297 745 declarat,
1334 693 1528 735 morbum
1561 696 1606 736 in
1641 694 1823 736 medulla
1855 695 2071 738 insedisse.
2110 697 2270 740 Horati:
2293 697 2352 739 Ἠ.

225 758 276 802 C.
306 759 353 811 2,
383 759 461 800 14:
497 761 579 801 nisi
608 774 752 802 caussa
781 759 920 801 morbi
948 760 1101 816 fugerit
1134 762 1265 803 venis.
1305 762 1451 803 Vossii
1481 768 1635 803 averte
1669 764 1826 804 nemini
1861 762 2124 818 probabitur.
2150 767 2290 808 4-a'<‘v;1
2302 764 2355 807 13.

221 842 304 870 nec
334 833 378 869 te
406 829 504 870 iam.
540 826 667 870 Conf.
695 827 754 877 Π,
783 827 829 878 5,
861 828 926 869 19.
956 827 1131 869 Frustra
1160 829 1286 883 igitur
1303 828 1660 870 Wunderlichius
1691 829 1883 871 ordinem
1910 829 2143 872 verborum
2166 833 2354 874 tentarit

222 894 323 936 Vid.
345 893 534 936 Huschk.
564 894 618 936 ad
645 894 684 935 h.
714 893 742 936 l.
762 917 819 924 —-
846 909 884 937 V.
914 894 952 937 6.
981 894 1086 937 Neu
1115 902 1240 938 notet
1267 895 1475 948 informis
1501 895 1671 954 pallida
1701 897 1893 940 membra
1919 898 2060 940 color.
2091 899 2144 940 In
2167 900 2359 955 proxime

223 964 433 1018 superiori
461 976 605 1013 versu,
643 960 719 1003 ubi
756 961 911 1017 legitur
948 977 1005 1004 ne
1036 964 1197 1006 macies
1234 964 1452 1020 pallentes
1483 971 1667 1022 occupet
1696 971 1844 1016 artus,
1881 965 2005 1007 facile
2043 968 2186 1022 possit
2204 967 2356 1009 comici

224 1030 501 1088 languentes.
546 1032 621 1072 Est
651 1032 759 1072 enim
791 1031 970 1087 languor
998 1033 1195 1087 proprius
1226 1032 1350 1074 huius
1378 1031 1528 1075 morbi.
1558 1032 1685 1076 Conf.
1717 1032 1798 1083 111,
1824 1034 1874 1084 5,
1901 1033 1968 1075 27.
1999 1034 2059 1086 11,
2087 1033 2133 1084 6,
2162 1033 2230 1076 49.
2263 1034 2356 1076 At·

223 1113 308 1154 que
349 1101 522 1140 omnino
561 1113 716 1154 corpus
751 1098 903 1141 morbo
942 1099 1140 1141 affectum
1176 1099 1265 1142 aliis
1302 1114 1474 1156 quoque
1511 1101 1788 1157 scriptoribus
1823 1101 2042 1160 languere
2071 1101 2235 1144 dicitnr.
2295 1102 2355 1144 At

224 1168 346 1208 etiam
372 1166 524 1223 pallor
551 1168 684 1208 macie
725 1166 919 1209 efficitur.
960 1167 1088 1210 Ovid.
1117 1168 1252 1224 Epist.
1281 1168 1458 1210 Heroid.
1488 1169 1566 1221 XI,
1603 1168 1677 1209 27:
1714 1168 1879 1224 fugerat
1915 1183 1990 1211 ore
2023 1168 2162 1211 color:
2198 1170 2354 1210 macies

223 1233 460 1276 adduxerat
495 1241 610 1276 artus
638 1241 679 1276 et
707 1233 764 1275 ib.
794 1235 915 1285 XXI,
943 1234 1046 1275 215:
1076 1235 1334 1277 concidimus
1363 1238 1510 1277 macie:
1548 1235 1672 1278 color
1700 1243 1764 1278 est
1803 1238 1893 1278 sine
1921 1239 2136 1293 sanguine.
2182 1236 2358 1279 Utrum-

224 1318 308 1359 que
341 1318 445 1346 vero
480 1306 668 1346 iunctum
707 1311 770 1346 est
803 1303 860 1345 ib.
893 1319 932 1345 V.
964 1304 1017 1345 13
1046 1319 1157 1360 sqq.:
1203 1304 1400 1361 languor
1434 1306 1542 1346 enim
1575 1306 1710 1346 causis
1739 1318 1828 1346 non
1855 1304 2159 1361 apparentibus
2186 1303 2354 1346 haeret:

224 1371 405 1413 adiuvor
443 1378 485 1414 et
522 1371 637 1413 nulla
670 1372 782 1414 fessa
818 1372 1021 1414 medentis
1053 1387 1156 1428 ope:
1195 1387 1318 1429 quam
1352 1371 1429 1414 tibi
1465 1386 1579 1413 nunc
1614 1372 1828 1429 gracilem
1855 1374 1937 1414 vix.
1959 1373 2062 1415 haec
2095 1370 2352 1421 rescribere,

225 1453 436 1495 quamque
465 1439 643 1482 Pallida
672 1442 739 1494 vix
770 1439 915 1482 cubito
945 1439 1131 1482 membra
1156 1439 1298 1481 levare
1327 1442 1476 1495 putas?
1504 1440 1692 1481 Naturae
1721 1441 1848 1495 igitur
1876 1439 2000 1482 huius
2027 1439 2168 1482 morbi
2194 1443 2355 1482 utrum·

225 1522 310 1563 que
336 1507 555 1565 pallentes
585 1515 626 1550 et
654 1508 918 1565 languentes
947 1515 1278 1550 consentaneum
1309 1514 1395 1548 est:
1433 1506 1510 1548 sed
1549 1506 1753 1562 displicet.
1774 1508 1970 1562 repetitio
1998 1507 2354 1550 eiusdemvvocisz

223 1576 328 1617 mire
350 1577 470 1617 etiam
495 1575 649 1617 dictum
673 1583 736 1618 est
763 1575 844 1629 inf.
870 1576 953 1618 col.
975 1582 1067 1618 not.
1090 1575 1266 1618 membr.
1285 1572 1475 1630 pallida:
1503 1573 1694 1615 informis
1717 1575 1824 1615 enim
1844 1573 1967 1616 color
1991 1581 2113 1617 sonat
2137 1575 2354 1631 pallorem.

222 1643 372 1698 Itaque
401 1643 697 1685 Broukhusius
736 1658 816 1699 pro
847 1643 1018 1700 pallida
1055 1645 1235 1685 coniecit
1263 1641 1485 1699 squalida3
1525 1656 1648 1697 quam
1685 1644 1968 1684 coniecturam
2004 1642 2204 1684 refutavit
2231 1643 2353 1698 Hey-

221 1713 336 1762 nius,
370 1710 514 1753 derisit
553 1713 674 1753 etiam
703 1711 955 1752 Huschkius.
1004 1712 1116 1753 Huic
1145 1711 1372 1753 admodum
1400 1709 1625 1765 probatum
1657 1715 1718 1750 est
1748 1708 1967 1760 candida,
2007 1709 2124 1765 quod
2151 1710 2351 1765 Heynius

224 1793 273 1821 ex
311 1777 379 1821 ed.
409 1779 587 1820 Roman.
625 1778 736 1830 (vid.
770 1778 965 1831 Lachm.)
1005 1781 1204 1834 reposuit.
1270 1778 1494 1821 Consentit
1538 1779 1577 1818 ei
1612 1777 1780 1832 quidem
1815 1777 2068 1829 Dissenius,
2114 1777 2192 1819 sed
2225 1777 2352 1820 simul

222 1852 385 1895 monet,
411 1845 579 1887 Horatii
607 1844 726 1896 loco,
755 1860 878 1901 quem
909 1847 1090 1888 Vossius
1120 1845 1321 1896 attulerit,
1350 1860 1439 1887 rem
1467 1847 1635 1887 minime
1664 1846 1856 1900 transigi:
1887 1844 2002 1886 illam
2031 1847 2141 1887 enim
2168 1845 2352 1901 puellam

222 1913 442 1956 floruisse:
473 1919 515 1954 at
544 1913 652 1954 hanc
682 1919 913 1968 aegrotare.
945 1912 1107 1967 Quidni
1135 1915 1261 1969 igitur
1280 1913 1507 1955 scribatur:
1539 1911 1752 1970 languida
1773 1912 1967 1954 membra
1994 1912 2153 1955 color?
2177 1913 2352 1969 Epithe-

222 1988 300 2023 ton
329 1979 521 2024 candida
551 1982 714 2036 egregie
744 1980 912 2036 quidem
952 1983 1192 2036 oppositum
1231 1988 1295 2023 est
1323 1981 1507 2035 informi
1543 1988 1583 2022 et
1611 1994 1912 2037 saepenumero
1941 1987 2097 2036 poetae
2123 1983 2188 2023 rei
2226 1981 2351 2023 alicui

223 2048 446 2105 epitheton
473 2048 691 2099 adiiciunt,
722 2047 839 2103 quod
860 2048 1063 2098 declaret,
1094 2064 1203 2104 quae
1231 2049 1363 2100 illius,
1392 2051 1508 2105 prius
1530 2063 1654 2104 quam
1675 2055 1875 2103 corrupta
1905 2055 1948 2090 et
1974 2050 2018 2090 in
2037 2048 2222 2090 deterius
2249 2062 2350 2104 pro-

172 2122 175 2125 '
219 2116 340 2174 lapsa
369 2118 439 2168 sit,
468 2118 531 2160 vis
562 2123 778 2176 etgnatura
806 2116 934 2158 fuerit
971 2118 1108 2168 (conf.
1141 2132 1267 2173 supra
1297 2118 1371 2168 IV,
1401 2118 1439 2159 l.
1467 2131 1506 2160 v,
1538 2117 1669 2169 141);
1707 2131 1754 2158 re
1779 2123 1918 2158 tamen
1948 2118 2184 2158 accuratius
2212 2117 2351 2158 consi-

221 2185 365 2228 derata
399 2200 492 2227 cum
521 2185 722 2227 Dissenio
753 2186 919 2226 senties.
951 2184 1076 2237 (vid.
1107 2186 1198 2226 eius
1228 2190 1368 2226 annot.
1400 2183 1454 2225 ad
1483 2184 1522 2225 h.
1550 2183 1596 2235 l.)
1619 2208 1673 2214 -—
1702 2198 1740 2226 v,
1763 2183 1801 2225 8.
1830 2182 2050 2234 Devehat‚
2079 2183 2197 2239 quod
2220 2185 2351 2226 Hein-

220 2256 308 2296 sius
338 2254 539 2304 coniecit,
568 2259 853 2308 reposuerunt
884 2259 1022 2294 autem
1050 2251 1368 2302 Broukhusius,
1409 2252 1604 2307 Heynius
1635 2257 1676 2293 et
1703 2250 1964 2302 Huschkius,
2005 2258 2047 2293 et
2074 2265 2151 2307 per
2177 2259 2222 2293 se
2248 2265 2351 2307 pro-

219 2319 323 2363 bum
362 2327 424 2362 est
463 2327 504 2362 et
541 2334 623 2362 usu
659 2322 911 2376 scriptorum
951 2319 1188 2375 probatur:
1235 2326 1276 2362 at
1317 2319 1492 2361 alterum
1527 2317 1710 2369 evehat,
1755 2318 1872 2374 quod
1901 2319 2107 2370 Vossius,
2143 2319 2348 2370 Baebius,

221 2387 513 2430 Lachmannus
546 2393 588 2428 et
615 2387 837 2429 Dissenius
869 2387 1102 2437 dederunt,
1142 2402 1236 2428 cum
1265 2390 1317 2429 sit
1347 2387 1479 2429 altero
1510 2387 1660 2428 fortius
1690 2392 1731 2428 et
1760 2386 2166 2429 commendationem
2193 2386 2348 2428 habeat

219 2455 447 2506 librorum,
478 2454 729 2497 servandum
759 2462 832 2496 est.
864 2478 916 2486 -—-
951 2470 989 2495 v,
1015 2455 1055 2496 9.
1093 2468 1279 2511 sopores
1311 2454 1519 2510 explicant
1547 2454 1850 2496 medicamenta
1879 2469 2076 2510 soporem
2106 2455 2347 2497 efficientia:

218 2522 297 2565 sed
325 2525 479 2565 rectius
517 2523 674 2564 sentire
703 2521 926 2572 videntur,
971 2523 1044 2576 qui
1076 2524 1248 2564 omnino
1286 2521 1470 2564 salubria
1504 2521 1679 2577 intelligi
1713 2521 1902 2577 ideoque
1931 2536 2115 2580 sapores
2139 2523 2348 2578 ‚scriptum

218 2590 364 2633 malint
392 2590 530 2643 (conf.
558 2589 706 2645 Virgil.
738 2589 895 2644 Georg.
921 2590 997 2640 lv,
1027 2590 1081 2629 62
1092 2591 1122 2642 ).
1152 2590 1265 2630 Huic
1294 2592 1525 2645 scripturae
1555 2591 1677 2631 etiam
1705 2590 1903 2645 Heynius
1931 2592 1976 2632 in
2003 2589 2347 2632 annotationibus
2411 2591 2414 2595 ’

218 2658 473 2714 suffragatus
504 2664 576 2700 est.
625 2656 866 2700 Huschkius
897 2663 1032 2699 autem
1063 2659 1138 2699 etsi
1165 2656 1251 2699 loci
1280 2657 1504 2713 Virgiliani
1533 2657 1667 2709 (Aen.
1695 2657 1798 2709 Vll,
1838 2658 1945 2709 757)
1974 2655 2112 2713 probe
2139 2659 2346 2709 meminit,

218 2732 359 2769 tamen
387 2740 625 2782 germanam
654 2727 899 2781 scripturam
929 2724 1187 2780 posthabuit.
1241 2724 1322 2766 Sex
1357 2727 1431 2780 qui
1459 2731 1697 2780 sequuntur
1723 2739 1871 2767 versus
1908 2727 1953 2766 in
1989 2724 2079 2766 aliis
2111 2724 2231 2767 libris
2260 2725 2345 2768 alio

216 2793 372 2837 ordine
401 2793 619 2850 leguntur:
659 2793 712 2837 de
740 2808 823 2849 qua
852 2808 898 2835 re
919 2806 1041 2851 *nunc
1068 2792 1174 2834 nihil
1205 2794 1355 2834 attinet
1384 2791 1544 2834 dicere:
1576 2799 1639 2834 est
1667 2795 1776 2834 enim
1802 2791 1965 2834 dudum
1994 2792 2066 2833 illa
2095 2793 2253 2835 iudicio
2281 2795 2344 2834 vi-

216 2875 363 2907 rorum
384 2861 604 2904 doctorum
627 2862 838 2904 confecta:
868 2860 942 2903 sed
963 2862 1102 2902 mirari
1123 2860 1238 2911 licet,
1266 2860 1620 2916 quemadmodum
1644 2862 1688 2902 in
1709 2875 1757 2902 re
1777 2866 1860 2902 tam
1882 2861 2099 2902 manifesta
2122 2863 2345 2916 quisquam

214 2928 391 2972 haerere
421 2932 618 2986 potuerit.
649 2930 718 2972 De
746 2932 789 2972 vi
816 2931 934 2972 vocis
968 2927 1150 2972 credula
1179 2928 1290 2971 conf.
1319 2930 1467 2971 Horat.
1499 2927 1551 2972 C.
1575 2930 1612 2981 Ι,
1641 2929 1688 2980 5,
1716 2929 1755 2971 9.
1786 2926 1918 2970 Sedet
1947 2935 2062 2971 recte
2093 2928 2343 2985 explicatum
