2462 3112
1218 135 1260 175 11

164 251 481 308 proclivitates„
510 248 590 292 soli
612 252 826 306 ingenium
849 253 867 303 (
878 251 990 293 conf.
1010 250 1145 293 Orell.
1167 251 1221 294 ad
1243 251 1392 294 Horat.
1410 251 1551 307 Epod.
1574 251 1624 295 C.
1643 251 1714 304 13,
1741 252 1840 305 13.).
1872 251 2078 308 Imprimis
2108 257 2324 295 torrentes

163 320 238 374 qui
269 317 470 359 dicuntur
503 324 651 359 notum
683 324 745 360 est
783 333 908 374 quam
937 320 1105 360 varient
1134 318 1282 360 faciem
1302 351 1313 370 ,
1353 325 1401 360 ut
1429 320 1472 361 in
1498 321 1668 362 variatis
1703 319 1896 376 epithetis
1923 319 2135 377 diligentia
2159 323 2322 377 potius,

165 399 290 441 quam
323 386 534 426 temeritas
563 392 786 441 poetarum
827 392 1036 427 cernatur.
1096 384 1255 441 Ignotis
1285 392 1423 427 autem
1461 385 1708 429 fluminibus
1739 388 1838 429 satis
1880 394 1971 429 erat
2001 388 2217 443 epitheton
2245 386 2321 442 ad-

164 454 330 502 iecisse,
363 451 481 508 quod
511 454 554 493 in
581 460 770 494 naturam
803 467 939 508 aquae
967 452 1151 494 caderet.
1191 452 1259 495 Ad
1283 452 1588 509 designandum
1614 467 1720 495 vero
1746 452 1968 495 nobilioris
1999 453 2177 496 alicuius
2201 453 2321 496 fluvii

163 521 376 575 ingenium
416 519 634 575 epitheton
673 519 863 576 deligere
908 518 1026 561 laudi
1067 522 1157 561 eius
1197 519 1471 576 pervulgatae
1496 522 1770 562 contrarium
1809 534 1953 563 nonne
1991 520 2175 572 hominis)
2204 519 2321 564 foret

164 600 302 642 prope
332 585 576 628 delirantis?
626 587 774 642 Itaque
815 601 908 628 cum
942 585 1124 641 Cydnus
1156 589 1287 629 amnis
1322 601 1527 643 aquarn-m
1557 586 1725 642 liquore
1754 586 1978 643 perlucido
2008 578 2180 644 insignis
2210 594 2321 630 esset

164 655 288 706 (Arr.
320 653 374 695 de
406 654 553 709 exped.
585 653 701 696 Alex.
723 653 771 696 11.
796 656 834 696 4.
873 654 994 697 Curt.
1027 653 1053 695 l.
1076 654 1148 695 Ill.
1172 669 1206 696 c.
1227 656 1305 707 4.),
1338 656 1553 712 epitheton
1577 654 1809 698 caeruleus
1840 669 1934 697 cum
1966 655 2077 707 aliis,
2108 663 2195 698 tum
2225 657 2318 698 viro

165 721 440 772 doctissimo,
489 724 562 777 qui
601 724 643 763 in
685 721 931 778 explicanda
976 722 1102 763 huius
1146 724 1262 764 vocis
1300 722 1610 779 significatione
1650 721 1964 777 diligentissime
2002 730 2195 780 versatus
2234 729 2319 773 est,

161 787 331 830 Jacobo
363 790 435 841 (in
465 795 643 844 quaestt.
675 791 780 845 epic.
811 804 851 845 p.
884 789 997 842 162.)
1037 803 1183 845 parum
1214 789 1441 845 probatum
1480 797 1551 832 est.
1610 789 1672 831 Ea
1703 789 1828 831 huius
1866 789 2039 845 epitheti
2069 783 2318 853 ‘offensione

166 863 403 898 commotus
435 869 513 911 ego
545 855 778 911 aliquando
810 858 1102 898 conieceramz
1140 858 1208 898 An
1245 864 1285 898 te
1317 857 1476 912 Cydne
1508 871 1653 898 canam
1694 856 1872 913 placidis
1909 858 1982 912 qui
2011 853 2166 898 leniter
2194 855 2320 899 undis

164 924 391 967 Caeruleis
419 926 569 966 tacitus
598 939 678 980 per
700 923 809 965 vada
840 926 975 979 serpis
1004 925 1143 979 aquis:
1175 923 1391 966 caeruleis
1415 926 1542 981 aquis
1563 923 1718 966 dictum
1742 923 1860 965 volui
1890 937 1969 979 pro
1999 922 2062 965 ad
2089 922 2320 966 caeruleas

167 1003 298 1047 aquas
328 995 353 1034 i.
387 1005 423 1033 e.
452 1006 567 1033 mare
597 991 665 1033 vel
694 994 831 1033 sinum
861 992 1053 1042 Issicum,
1084 993 1127 1032 in
1157 1005 1281 1046 quem
1316 990 1499 1047 Cydnus
1532 993 1806 1034 emitteretur.
1850 993 1907 1033 At
1937 998 2084 1048 postea
2113 991 2318 1041 monitus,

166 1058 390 1101 Helvetios
420 1058 536 1099 lacus
568 1066 608 1100 et
631 1059 785 1100 fluvios
807 1058 1040 1114 plerosque
1065 1072 1219 1100 sereno
1252 1058 1375 1100 coelo
1398 1074 1491 1101 cum
1523 1074 1681 1100 summa
1712 1066 1820 1101 esset
1852 1073 2056 1114 aquarum
2086 1057 2301 1114 tranquilli

165 1133 256 1176 tas,
293 1125 516 1167 caeruleos
553 1139 646 1167 esse
687 1125 922 1180 iisdemque
953 1124 1056 1166 nihil
1096 1124 1327 1180 liquidius,
1367 1128 1573 1182 cognovi,
1613 1141 1740 1183 posse
1777 1125 1982 1182 Cydnum
2013 1139 2187 1182 quoque
2224 1139 2318 1168 cae·

163 1193 331 1236 ruleum
370 1194 426 1235 ita
464 1194 640 1243 vocari,
687 1199 733 1234 ut
775 1192 877 1233 nibil
918 1192 1074 1247 liquori
1116 1194 1206 1234 eius
1245 1192 1499 1236 officeretur.
1561 1194 1702 1249 Quam
1742 1208 1831 1235 rem
1872 1192 2098 1236 Claudiani
2139 1192 2258 1235 locus
2292 1206 2317 1234 a

162 1261 322 1303 Vossio
352 1260 543 1317 prolatus
573 1259 626 1312 (l.
658 1260 735 1311 49,
773 1261 822 1311 5,
858 1260 947 1312 28.)
987 1259 1229 1311 confirmat,
1267 1260 1341 1302 ubi
1372 1261 1497 1303 lacus
1537 1262 1769 1304 caeruleus
1805 1264 1955 1304 vitreis
1991 1260 2108 1304 idem
2145 1259 2317 1303 lucidus

164 1344 303 1385 usque
334 1327 461 1370 vadis
493 1328 656 1370 dicitur.
695 1327 782 1369 Sed
813 1335 943 1369 restat
974 1327 1108 1378 aliud,
1139 1326 1258 1383 quod
1288 1327 1533 1384 scrupulum
1564 1331 1732 1371 iniiciat.
1772 1343 1854 1384 qua
1885 1329 1938 1371 de
1969 1343 2095 1370 causa
2125 1329 2317 1371 coniece-

163 1403 264 1438 runt
295 1396 453 1438 Statius
485 1395 700 1438 caeruleis
727 1394 953 1453 placidus,
983 1397 1165 1437 Vossius
1198 1395 1430 1438 caeruleus
1457 1395 1663 1454 placidae
1695 1421 1746 1429 —
1779 1411 1947 1453 aquae,
1977 1403 2020 1437 et
2049 1395 2116 1437 hic
2145 1394 2316 1451 quidem

164 1464 314 1515 docet,
343 1463 549 1519 placidam
580 1478 729 1518 aquam
760 1462 891 1505 τόπον
921 1477 1014 1504 esse
1037 1461 1307 1517 λιμνάζωψα
1327 1463 1562 1506 Strabonis.
1602 1464 1672 1505 De
1695 1479 1777 1520 qua
1803 1479 1847 1505 re
1876 1465 2145 1505 consentiens
2167 1461 2316 1503 Wun-

163 1529 395 1572 derlichius
426 1537 589 1571 servata
621 1531 828 1585 scriptura
864 1529 1052 1586 placidis
1082 1532 1208 1586 aquis
1245 1529 1426 1585 explicat
1456 1530 1518 1573 ad
1543 1529 1747 1588 placidas
1777 1545 1917 1587 aquas
1951 1531 1976 1571 i.
2010 1544 2044 1571 e.
2077 1529 2131 1571 ad
2159 1527 2315 1579 lacum,

161 1600 207 1640 in
238 1613 364 1654 quem
397 1597 580 1653 Cydnus
609 1597 856 1639 effunditur.
916 1597 1034 1639 Idem
1063 1599 1266 1646 sentiunt,
1307 1599 1380 1652 qui
1410 1598 1626 1640 caeruleis
1655 1621 1708 1629 —
1739 1599 1866 1653 aquis
1895 1596 2022 1638 scribi
2052 1595 2313 1645 maluerunt,

164 1666 322 1707 Statius
353 1672 394 1707 et
419 1666 637 1720 Heynius:
670 1679 795 1720 quam
826 1663 1124 1720 amphiboliam
1152 1660 1476 1706 constructionis
1506 1666 1649 1706 nescio
1674 1678 1725 1704 an
1757 1665 1848 1704 iure
1874 1662 2197 1718 reprehenderit
2216 1662 2314 1703 Dis-

161 1735 313 1775 senius.
357 1733 517 1774 Merito
551 1739 691 1774 autem
724 1731 796 1773 ille
829 1732 995 1774 damnat
1018 1731 1225 1773 Huschkii
1253 1733 1539 1773 coniecturam
1562 1730 1796 1773 caeruleae
1815 1728 2040 1786 placidus,
2072 1743 2154 1785 qua
2176 1730 2312 1771 oratio

160 1814 250 1842 non
281 1807 482 1850 ornetur,
523 1799 600 1842 sed
631 1807 844 1841 oneretur.
904 1799 1083 1855 Vulgata
1123 1801 1269 1842 tacitis
1311 1799 1472 1841 leniter
1508 1798 1638 1841 undis
1678 1798 1987 1854 elegantissimo
2017 1798 2184 1839 Horatii
2215 1795 2312 1838 loco

161 1867 240 1920 (C.
261 1868 292 1908 1.
317 1867 355 1908 3.
380 1868 434 1909 7.;
468 1868 578 1908 Liris
604 1870 745 1923 quieta
775 1866 942 1908 mordet
969 1882 1078 1923 aqua
1105 1869 1338 1909 taciturnus
1369 1869 1527 1918 amnis)
1558 1873 1655 1922 apte
1686 1866 1883 1920 componi
1913 1871 2073 1920 potest:
2104 1862 2312 1906 Huschkii

159 1937 381 1977 inventum
406 1949 493 1976 non
516 1942 668 1990 potest.
700 1936 799 1976 Una
827 1937 1043 1976 verissima
1071 1942 1135 1976 est
1156 1934 1477 1976 Wunderlichii
1500 1934 1790 1988 interpretatio
1816 1931 2046 1974 verborum
2067 1945 2150 1988 per
2173 1928 2311 1972 vada:

163 2017 255 2045 esse
281 2005 389 2046 enim
410 2005 466 2044 ait
489 2018 572 2059 per·
594 2002 787 2043 alveum:
819 2002 998 2044 fortasse
1021 2004 1201 2052 miraris,
1231 2009 1313 2044 tam
1334 2002 1450 2044 nude
1471 2003 1652 2057 positum
1675 2015 1766 2042 esse
1785 1999 1924 2042 vada:
1954 2007 1996 2042 at
2021 2015 2115 2041 cum
2135 1997 2312 2053 verbum

158 2072 301 2126 serpis
330 2072 521 2126 proxime
554 2068 809 2111 collocatum
841 2071 914 2119 sit,
946 2069 1161 2125 epitheton
1192 2083 1280 2111 non
1312 2069 1540 2111 admodum
1572 2068 1848 2111 desideratur.
1893 2068 2092 2109 Dativum
2119 2065 2309 2124 placidi-5

157 2140 284 2194 aquis
327 2144 424 2193 post
471 2136 699 2178 ablativum
749 2138 895 2178 tacitis
938 2135 1068 2177 undis
1105 2138 1253 2177 inscite
1291 2135 1452 2177 illatum
1492 2150 1610 2186 esse,
1650 2148 1775 2177 nemo
1816 2141 1966 2190 neget:
2003 2132 2134 2189 idque
2172 2134 2309 2188 ipsum

155 2207 440 2261 maximopere
470 2205 671 2246 Dissenio
703 2203 942 2259 displicuit:
983 2217 1064 2244 nec
1093 2210 1233 2245 tamen
1263 2204 1345 2245 hoc
1374 2203 1580 2259 quicquid
1608 2205 1697 2245 vitii
1728 2209 1810 2252 est,
1841 2203 2060 2256 interpreti
2087 2206 2159 2241 aut
2182 2197 2311 2240 libra-

155 2274 317 2314 riorum
348 2274 543 2328 cuiquam
572 2271 843 2313 tribuendum
875 2277 956 2320 est,
987 2270 1062 2312 sed
1094 2273 1173 2326 ipsi
1207 2277 1373 2326 poetae.
1406 2293 1459 2301 —
1487 2285 1525 2311 V.
1559 2269 1623 2310 15.
1669 2268 1869 2321 Quantus
1899 2274 1943 2309 et
1974 2265 2173 2309 aetherio
2203 2279 2311 2310 con-

155 2342 333 2397 tingens
368 2341 529 2382 vertice
555 2339 693 2381 nubes
711 2336 920 2395 frigidus
948 2340 1155 2379 intonsos
1176 2337 1351 2379 Taurus
1381 2336 1478 2379 alat
1497 2336 1662 2379 Cilices.
1695 2337 1913 2391 Scriptura
1938 2340 2041 2376 arat
2064 2333 2308 2375 necessario

156 2407 407 2463 corrigenda
440 2414 529 2449 est:
570 2421 696 2462 quam
728 2407 803 2461 qui
832 2412 1029 2454 tuentur,
1068 2407 1256 2461 argutius
1275 2437 1284 2454 ‚
1324 2419 1450 2460 quam
1483 2406 1627 2445 verius
1658 2403 1766 2444 hanc
1795 2417 1945 2444 vocem
1976 2403 2309 2456 interpretantur

154 2473 269 2526 (vid.
287 2474 430 2529 Heyn.
458 2481 498 2516 et
518 2472 708 2515 Huschk.
732 2473 784 2514 ad
803 2472 842 2513 h.
864 2473 934 2524 l.).
964 2472 1065 2514 Alit
1089 2486 1240 2528 graece
1266 2479 1391 2513 sonat
1408 2468 1562 2524 τρέφει,
1592 2469 1711 2526 quod
1735 2484 1864 2526 saepe
1892 2470 2066 2525 ponitur
2093 2480 2173 2523 pro
2201 2466 2306 2517 ἔχεις

155 2555 409 2597 quamquam
440 2547 502 2582 est
531 2539 687 2590 multo,
719 2554 843 2595 quam
875 2538 987 2581 istud
1007 2572 1017 2588 ‚
1048 2538 1363 2594 significantius.
1418 2539 1515 2579 Hoc
1544 2544 1684 2579 autem
1711 2537 1809 2579 loco
1837 2536 1918 2578 alit
1943 2536 2119 2591 proprie
2147 2533 2306 2575 dictum

156 2623 268 2660 esse,
301 2623 349 2650 ex
377 2610 427 2649 iis
457 2608 723 2663 intelligitur,
755 2601 1040 2663 quae'Strabo
1071 2606 1126 2648 de
1157 2607 1323 2661 pascuis
1353 2604 1709 2660 convallibusque
1727 2605 1859 2645 Tauri
1889 2601 2096 2644 fertilibus
2118 2598 2304 2642 tradidit.

153 2674 239 2716 Pro
270 2674 469 2717 aetherio
502 2677 546 2716 in
584 2682 754 2730 promtu
792 2681 881 2716 erat
919 2673 1109 2715 scribere
1138 2671 1380 2722 aetherias,
1423 2671 1491 2713 vel
1523 2671 1641 2727 quod
1678 2669 1899 2712 Huschkio
1937 2668 2120 2724 placuit,
2156 2668 2304 2708 aerio:

152 2742 228 2784 sed
258 2749 374 2784 recte
406 2742 699 2783 Lachmannus
730 2749 770 2783 et
800 2742 1025 2783 Dissenius
1056 2738 1257 2782 aetherio
1285 2746 1516 2781 servarunt.
1565 2738 1693 2781 conf.
1725 2737 1798 2780 Sil.
1830 2736 1960 2778 Italic.
1993 2735 2063 2776 111.
2093 2733 2188 2775 480.
2219 2733 2302 2774 491

151 2817 194 2852 et
220 2810 314 2852 493.
345 2809 588 2852 Aetherius
610 2816 757 2851 vertex
781 2811 920 2866 poetis
940 2809 1094 2851 dicitur
1115 2806 1309 2858 arduus,
1334 2806 1490 2850 celsus,
1519 2805 1697 2848 Intonsi
1720 2803 1876 2848 Cilices
1900 2809 2016 2853 sunt,
2047 2801 2120 2858 qui
2135 2802 2303 2843 Avieno

152 2877 287 2920 deser.
317 2877 410 2919 orb.
442 2885 537 2920 terr.
569 2892 608 2918 v.
640 2877 764 2919 1029.
795 2875 881 2919 diri
910 2883 1130 2918 vocantur.
1188 2877 1327 2917 Etiam
1362 2874 1498 2917 Getae
1526 2871 1579 2914 ab
1612 2871 1776 2914 Ovidio
1808 2878 1850 2913 et
1877 2869 2052 2926 Alpium
2081 2866 2252 2910 incolae
2279 2880 2305 2908 a

148 2944 272 2986 Livio
290 2944 565 3000 appellantur
586 2946 765 2991 intonsi.
797 2942 946 2986 Paullo
970 2943 1079 2986 infra
1105 2942 1287 2999 epitheta
1312 2944 1391 2984 tria
1414 2943 1488 2984 uni
1512 2939 1778 2982 substantivo
1801 2940 1946 2983 iuncta
1969 2943 2086 2986 sunt,
2111 2938 2304 2978 intacta,
