2462 3112
1176 124 1263 166 ΧΠ
1298 154 1301 155 .

145 245 243 301 huic
273 243 517 287 adiunctum
548 248 614 286 est
640 243 904 300 participium
933 242 1071 286 verbi
1085 243 1336 287 inscribere.
1386 243 1515 288 ovid.
1532 245 1659 288 Trist.
1675 245 1749 290 ΠΙ.
1764 247 1810 300 3,
1828 247 1916 291 72.:
1947 248 2164 307 Quosque
2179 250 2359 310 lega}

145 327 293 356 versus
320 311 447 354 oculo
478 318 738 368 properante
764 313 904 353 viator
931 309 1179 354 Grandihus
1208 314 1254 354 in
1283 311 1434 354 tumuli
1461 327 1673 356 marmore
1702 314 1836 358 caede
1861 318 1987 360 notis·
2033 317 2301 365 Coniectum

141 381 216 423 vel
254 380 551 423 emendatione
591 386 707 422 certe
743 393 834 422 non
873 393 983 435 opus
1023 386 1095 422 est.
1141 403 1195 411 —
1251 379 1406 422 Paullo
1444 387 1544 436 post
1580 381 1714 424 Amor
1748 389 1875 426 tener·
1917 391 2106 428 vocatur.
2165 385 2302 431 Ovid.

145 449 237 491 Am.
252 448 415 503 111.¹15,
433 449 470 490 l.
510 449 725 490 Venerem
762 447 862 490 dicit
889 453 1065 489 matrem
1098 453 1346 491 tenerorum
1376 462 1585 501 amorum,
1621 455 1758 492 semet
1791 451 1931 507 ipsum
1960 466 2050 495 non
2079 467 2168 497 uno
2196 453 2305 498 loco

145 518 274 558 iactat
302 515 491 558 lusorem
518 522 764 557 tenerorum
794 529 996 558 amorum.
1030 522 1073 557 at
1101 517 1175 558 res'
1200 518 1428 572 perspicua
1446 522 1525 559 est.
1547 538 1602 549 —
1646 532 1686 559 v,
1717 517 1786 560 58.
1831 518 2050 576 Scriptura
2077 523 2225 565 variat.
2252 523 2300 566 in

149 583 240 626 aliis
269 582 389 625 libris
420 582 577 641 legitur
604 581 684 634 ad,
713 585 758 625 in
787 582 880 626 aliis
906 585 965 626 in.
1023 583 1170 626 Altera
1199 586 1408 640 scriptura
1436 598 1527 627 non
1559 584 1797 628 damnanda
1829 594 1957 638 esset,
1984 590 2020 630 si
2049 587 2182 631 altera
2208 602 2301 633 non

149 658 260 695 esset
295 651 463 694 melior.
520 652 629 694 Nam
660 650 879 693 Tibullum
911 666 936 693 a
964 652 1139 694 Venere
1169 651 1224 694 ad
1252 651 1426 709 Elysios
1464 667 1634 709 campos
1670 653 1899 696 deductum
1935 669 2025 698 non
2063 656 2118 698 ad
2155 656 2303 700 limina

147 734 392 762 mansurum
422 719 571 771 fuisse,
602 721 786 776 quisque
815 719 1020 776 intelligit.
1065 720 1123 762 At
1151 719 1282 762 altera
1311 721 1519 776 scriptura
1546 720 1681 764 multo
1712 728 1777 764 est
1805 725 2109 779 praestantior:
2140 725 2305 785 quippe

150 790 262 831 enim
297 787 444 844 paullo
480 787 590 830 infra
628 788 762 830 Amor
802 787 958 830 dicitur
991 788 1084 843 ipse
1120 786 1283 843 praelia
1319 786 1391 829 illa
1426 787 1591 830 ludicra
1625 790 1814 832 miscere.
1864 789 1955 832 Ubi
1990 791 2125 834 Amor
2160 791 2301 844 adest,

148 857 302 899 Venus
331 869 422 897 non
450 854 605 912 procul
633 854 767 897 abest.
823 855 949 897 Hanc
983 861 1115 911 poeta
1151 853 1233 897 sibi
1271 854 1421 898 ducem
1456 862 1498 898 et
1535 858 1730 899 comitem
1761 856 1942 900 futuram
1971 865 2014 901 et
2041 873 2127 902 una
2155 870 2300 903 secum

148 923 228 966 hos
259 937 430 979 campos
459 930 545 965 tam
574 936 777 965 amoenos
807 929 848 965 et
876 922 1088 965 iucundos
1117 923 1366 964 intraturam
1395 929 1548 978 sperat.
1581 923 1793 967 Fir-matur
1816 931 2038 981 praeterea
2065 926 2170 969 haec
2197 929 2300 970 scri-

148 998 278 1048 ptura
307 990 539 1047 Odysseae
567 990 688 1043 loco,
719 1005 844 1047 quem
873 990 1119 1033 Huschkius
1149 990 1340 1033 laudavit
1368 991 1451 1043 (V.
1470 990 1593 1044 563).
1624 1015 1678 1024 —
1734 1006 1774 1033 v.
1802 992 1870 1034 62.
1918 993 1977 1035 At
2005 994 2206 1035 iuvenum
2233 1006 2302 1036 se-

148 1061 232 1102 ries
268 1061 426 1102 teneris
463 1060 644 1102 immixta
680 1058 835 1116 puellis
872 1058 1053 1101 ludibet
1083 1058 1250 1100 assidue
1278 1058 1439 1115 praelia
1468 1060 1614 1100 miscet
1642 1058 1786 1104 Amor.
1842 1058 1912 1101 At
1939 1073 2020 1115 pro
2053 1058 2143 1111 hic,
2180 1058 2305 1116 quod

150 1126 245 1170 Itali
273 1126 499 1184 praebent,
536 1126 683 1168 maluit
711 1128 946 1183 repositum
976 1128 1058 1167 iam
1088 1126 1286 1181 Heynius
1324 1128 1450 1181 eique
1486 1131 1656 1182 praeter
1684 1125 1793 1168 alios
1823 1126 2077 1183 suffragatus
2107 1127 2302 1170 estDiffi

149 1197 314 1238 senius:
352 1209 450 1237 nam
483 1194 705 1236 commode
735 1197 898 1251 opponi
923 1194 1007 1236 hoc
1033 1193 1243 1236 distichon
1264 1192 1641 1236 antecedentibus:
1669 1208 1851 1250 pergere
1880 1196 1990 1236 enim
2011 1195 2065 1236 ad
2084 1195 2150 1247 id,
2179 1196 2302 1238 cuius

151 1277 279 1306 causa
316 1261 608 1304 antecedentia
644 1265 785 1318 posita
822 1264 916 1304 sint.
974 1262 1096 1303 Haec
1131 1261 1366 1305 Disjsenius.
1422 1262 1718 1305 Veruntamen
1754 1277 1849 1304 cum
1878 1262 2024 1319 paullo
2052 1263 2183 1314 infra,
2221 1261 2299 1305 uhi

150 1329 246 1373 loca
281 1329 346 1371 his
384 1328 722 1371 amoenitatibus·
753 1331 966 1371 contraria
1002 1328 1320 1382 describuntur,
1359 1329 1510 1372 eadem
1539 1332 1593 1373 sit
1617 1330 1827 1386 particula
1855 1332 1996 1386 posita
2024 1330 2157 1387 idque
2186 1331 2301 1390 iure,

154 1399 255 1454 quia
284 1398 422 1439 oratio
453 1396 507 1439 ad
538 1411 606 1439 res
635 1399 747 1440 inter
775 1412 822 1440 se
853 1399 1072 1455 oppositas
1108 1398 1379 1451 transfertur,
1417 1397 1614 1454 equidem
1644 1398 1727 1441 hoc
1753 1397 1853 1441 loco
1882 1388 2021 1440 malim
2050 1397 2182 1440 scribi
2205 1398 2303 1449 Ac,

153 1463 274 1521 quod
304 1463 359 1506 ad
387 1465 563 1521 vestigia
591 1466 826 1521 scripturae
858 1463 944 1508 hac
973 1467 1163 1522 proxime
1194 1466 1367 1508 accedit.
1400 1466 1536 1508 *Nam
1567 1480 1823 1523 quamquam
1853 1472 2037 1518 constat,
2069 1464 2304 1522 particulae

153 1539 203 1575 at
223 1529 316 1575 vim
344 1532 651 1575 adversativam
681 1546 811 1588 saepe
840 1534 897 1574 ita
933 1532 1123 1584 deliniri,
1161 1539 1210 1575 ut
1238 1532 1343 1575 nihil
1370 1532 1550 1585 indicet,
1589 1535 1670 1576 nisi
1700 1533 1755 1575 ad
1784 1533 1910 1575 aliud
1931 1532 2036 1588 quid
2065 1534 2303 1575 orationem

151 1599 338 1652 traduci,
368 1606 510 1641 tamen
538 1601 749 1641 neminem
774 1613 864 1641 non
886 1599 1096 1651 offendet,
1125 1602 1161 1642 si
1182 1602 1352 1655 utrique
1372 1600 1471 1641 loco
1495 1607 1537 1640 et
1557 1600 1674 1651 huic,
1705 1598 1793 1654 quo
1815 1600 2029 1656 Elysium,
2059 1607 2101 1642 et
2126 1601 2184 1652 ei,
2212 1613 2302 1656 quo

152 1667 276 1711 sedes
305 1666 610 1710 sceleratorum
637 1669 893 1724 expingitur‚
931 1666 1080 1709 eadem
1107 1667 1315 1723 particula
1344 1666 1615 1723 praefigatur.
1674 1667 1801 1709 Duae
1830 1669 1942 1709 enim
1978 1670 2171 1723 picturae
2206 1674 2304 1711 ante

154 1734 305 1779 oculos
334 1737 501 1791 positae
530 1741 648 1777 sunt.
686 1734 818 1776 altera
844 1733 1005 1790 Elysii;
1044 1734 1113 1775 hic
1141 1740 1335 1789 strepunt
1364 1732 1547 1775 choreae
1578 1738 1835 1790 cantusque,
1871 1742 2075 1790 personat
2104 1749 2179 1777 aer
2207 1733 2304 1778 dul-

154 1804 328 1846 cissimis
355 1804 496 1844 avium
521 1801 721 1857 vovcibus;
758 1807 899 1843 terrae
931 1799 1106 1843 ubertas
1135 1806 1290 1856 sponte
1311 1802 1521 1856 ingentem
1546 1802 1712 1858 copiam
1739 1804 1876 1844 casiae
1906 1809 1947 1844 et
1975 1816 2169 1846 rosarum
2193 1816 2304 1846 sum·

153 1871 300 1912 mittit:
344 1868 531 1925 denique
566 1871 767 1911 iuvenum
796 1875 838 1910 et
865 1867 1105 1924 puellarum
1133 1867 1290 1910 hilares
1318 1866 1542 1924 laetaeque
1571 1875 1766 1911 catervae
1795 1871 1984 1912 iocantes
2013 1869 2303 1926 ludentesque

154 1943 414 1994 spectantur.
471 1935 574 1992 Qua
600 1937 766 1992 pictura
795 1933 992 1977 absoluta
1028 1934 1164 1986 addit,
1205 1949 1250 1977 se
1286 1948 1480 1990 quoque,
1518 1936 1554 1977 si
1591 1936 1650 1977 ita
1685 1937 1913 1988 evenisset,
1952 1943 2001 1979 ut
2036 1943 2304 1992 praematura

154 2011 293 2049 morte
322 2003 711 2056 absumeretur,.in
740 2002 805 2045 his
832 2002 1057 2045 beatorum
1086 2001 1261 2044 sedibus
1291 2003 1494 2044 futurum.
1539 2003 1650 2044 Tum
1679 2003 1824 2046 sedem
1837 2003 2159 2049 sceleratorum
2187 2003 2306 2046 illos-

155 2088 242 2131 que
269 2080 472 2124 terrores,
501 2086 611 2128 quos
640 2070 795 2113 acerbe
823 2071 935 2113 ridet
956 2070 1147 2130 Lucilius
1175 2070 1254 2124 (cf.
1270 2071 1396 2114 Aetn.
1414 2086 1454 2114 v,
1478 2071 1532 2113 75
1552 2073 1672 2128 sqq.)
1701 2072 1908 2115 funestam
1934 2072 2174 2129 caliginem,
2202 2071 2304 2115 hor-

154 2142 250 2186 rida
279 2141 472 2192 flumina,
506 2139 772 2196 Tisiphonen
800 2138 948 2181 turbas
976 2141 1204 2195 impiorum
1233 2140 1479 2195 agitantem,
1511 2138 1748 2182 Cerberum
1777 2139 2095 2196 prohibentem,
2125 2152 2180 2182 ne
2207 2139 2303 2196 quis

155 2210 306 2266 fugiat,
351 2208 562 2251 cruciatus
602 2208 780 2260 Ixionis,
829 2208 970 2263 Tityi,
1018 2207 1208 2260 Tantali,
1247 2206 1492 2249 Danaidum
1539 2209 1779 2251 Homericis
1826 2208 2046 2251 coloribus
2094 2208 2302 2265 depingit:

156 2278 265 2321 haec
301 2276 437 2320 altera
473 2279 642 2333 pictura
678 2282 760 2327 est,
800 2277 871 2318 cui
904 2274 1094 2318 subiicit:
1135 2275 1236 2318 Illic
1270 2277 1346 2327 sit,
1384 2277 1632 2334 quicunque
1659 2291 1783 2320 meos
1809 2277 1993 2320 violavit
2021 2290 2198 2319 amores
2226 2281 2303 2319 cet.

157 2345 435 2390 Manifestum
464 2351 544 2395 est,
575 2357 686 2401 quae
713 2344 823 2386 inter
849 2356 896 2385 se
927 2344 1126 2399 opposita
1154 2344 1248 2385 sint.
1279 2343 1430 2398 Itaque
1458 2344 1580 2385 etiam
1607 2344 1664 2396 si,
1692 2342 1737 2385 id
1758 2343 1876 2400 quod
1897 2343 2121 2385 Dissenius
2140 2347 2304 2393 monet,

159 2413 248 2456 duo
277 2412 352 2455 illa
382 2411 558 2456 disticha
586 2411 672 2454 Hic
702 2409 895 2455 choreae
923 2416 1001 2453 cet.
1033 2417 1075 2452 et
1094 2409 1202 2463 fert
1234 2411 1400 2453 casiam
1435 2416 1614 2467 propter
1647 2412 1815 2453 tertium
1842 2412 1982 2467 posita
2010 2416 2127 2461 sunt,
2164 2416 2304 2452 tamen

156 2482 356 2538 imagines
378 2483 504 2523 unius
528 2478 804 2535 eiusdemque
831 2480 1024 2535 picturae
1046 2479 1244 2534 componi
1276 2484 1319 2520 et
1347 2479 1579 2520 arctissime
1607 2480 1807 2534 coniungi
1833 2477 2002 2520 debent.
2037 2475 2171 2533 Quod
2190 2478 2226 2518 si
2246 2477 2306 2518 ita

159 2555 241 2601 est,
270 2563 342 2601 ac,
371 2562 461 2591 non
488 2554 538 2590 at
565 2546 837 2590 scribendum
867 2552 943 2589 est.
1001 2545 1205 2590 Ceterum
1236 2547 1436 2588 immixta
1462 2558 1702 2602 germanam
1730 2545 1979 2600 scripturam
2014 2558 2126 2595 esse,
2154 2542 2224 2586 vel
2251 2556 2302 2586 ex

158 2618 357 2673 sequenti
381 2630 489 2659 voce
516 2617 701 2658 misceat
729 2615 901 2671 agnosci
929 2620 1092 2671 potest:
1121 2612 1327 2656 miscendi
1356 2614 1465 2655 enim
1494 2612 1660 2669 proelia
1683 2612 1831 2654 Amori
1861 2613 1985 2668 copia
2014 2611 2124 2654 facta
2153 2616 2218 2652 est
2247 2623 2302 2653 eo

158 2685 276 2741 ipso,
305 2683 424 2740 quod
451 2685 653 2726 iuvenum
682 2684 811 2725 series
838 2697 884 2725 se
912 2681 1065 2738 puellis
1094 2678 1371 2731 immiscebat.
1413 2680 1628 2723 Firmatur
1657 2682 1781 2722 etiam
1808 2678 1913 2721 haec
1940 2681 2147 2736 scriptura
2175 2677 2303 2731 locis,

160 2765 270 2807 quos
301 2765 351 2793 ex
379 2752 561 2793 Horatio
593 2757 636 2793 et
662 2750 892 2807 Propertio
923 2748 1169 2792 Huschkius
1197 2748 1346 2792 attulit.
1376 2771 1430 2780 —
1471 2762 1512 2790 v.
1532 2747 1600 2789 69.
1640 2747 1817 2804 impexa
1834 2745 1973 2799 feros
1997 2758 2082 2803 pro
2112 2743 2305 2787 crinibus

160 2833 345 2878 angues.
402 2818 552 2875 Virgil.
575 2817 732 2874 Georg.
753 2819 831 2860 IV.
854 2817 970 2860 482:
1011 2815 1270 2859 Eumenides
1299 2814 1521 2858 caeruleos
1552 2813 1774 2873 implexae
1802 2812 1989 2856 crinibus
2019 2825 2191 2869 angues.
2247 2811 2306 2853 Et

158 2885 353 2944 implexa
383 2887 508 2929 etiam
536 2886 620 2928 hoc
645 2885 745 2928 loco
774 2883 1001 2941 legendum
1029 2886 1196 2927 censuit
1223 2883 1467 2925 Fruterius:
1499 2880 1632 2938 idque
1652 2895 1743 2924 uno
1766 2883 1809 2924 in
1831 2880 1980 2924 codice
2005 2893 2115 2932 esse,
2146 2885 2304 2922 testan-

161 2961 232 2997 tm-
264 2955 460 3010 Heynius
491 2960 534 2997 et
563 2953 821 2997 Huschkius.
880 2952 993 2998 Cum
1019 2953 1196 3009 impexa
1227 2956 1269 2993 et
1296 2949 1490 3008 implexa
1517 2956 1602 2993 tam
1634 2947 1758 2992 facile
1793 2962 1818 2990 a
1853 2947 2037 2990 librariis
2076 2953 2118 2989 et
2150 2942 2303 3002 potue-
