2462 3112
1259 122 1361 164 xlv

247 235 411 280 char-iis
446 237 646 279 intexere
675 257 729 269 -
755 237 989 292 supersint.
1036 234 1120 278 Est
1137 233 1290 277 azotus
1303 256 1306 263 ·
1319 241 1403 278 cet.
1450 236 1513 279 Ita
1550 236 1668 279 dedit
1698 238 2002 281 Lachmannus.
2040 243 2373 299 wemma*

245 304 466 347 Dissenius
494 305 623 346 totius
651 302 738 346 loci
763 305 1012 346 sententiam
1042 303 1125 345 boc
1156 301 1286 345 modo
1316 302 1518 358 explicat:
1548 306 1584 346 si
1619 319 1668 347 ex
1696 307 2373 361 praestantia'viudioae-oeffinm

245 373 336 414 sive
365 373 453 413 sia
482 372 640 413 meritis
671 383 719 413 ea
752 370 925 421 laudes,
956 370 1063 412 haec
1099 370 1268 426 quidem
1297 370 1520 420 deficiant3
1558 371 1723 414 humilis
1760 375 1843 415 sim.
1872 373 2070 417 conditor
2104 376 2373 421 tantumne-’s

245 452 387 495 neque
416 440 588 481 omnino
624 441 842 494 quisquam
872 453 939 480 res
969 446 1062 480 tuas
1092 438 1216 495 digne
1243 437 1488 480 laudaverit.
1525 439 1600 481 Est
1627 438 1752 482 nobis
1781 439 1966 484 voluisse
1992 444 2104 486 satis.
2139 427 2372 500 Hamil&-

245 513 289 550 at
315 508 492 563 primum
512 505 688 548 laudes
718 519 806 547 non
846 513 907 547 est
941 504 1124 548 iudices:
1168 505 1243 548 sed
1273 504 1461 549 laudare
1495 506 1662 564 aliquid
1696 506 1750 549 ab
1792 507 2025 565 aliquare
2061 513 2172 566 ponii
2199 511 2372 567 nequi&

247 575 332 617 nisi
361 573 641 630 significetur,
671 572 796 615 alicui
823 575 886 615 rei
917 572 974 615 ob
1004 572 1163 629 aliquid
1192 574 1383 616 nonnihil
1411 576 1535 630 pretii
1564 582 1635 616 aut
1661 575 1833 617 honoris
1858 575 2011 618 tributa
2037 577 2375 623 cuii-alem*

245 645 386 693 venit,
428 641 473 684 id
512 640 631 698 quod
669 644 880 696 sequitur,
920 640 1139 694 deficiant.
1198 641 1368 683 Deinde
1406 648 1453 682 ut
1493 642 1720 694 concedas,
1757 645 1957 685 meritum
1985 648 2079 686 esse
2107 644 2374 702 dignitptnm,

246 724 357 767 quae
384 711 539 751 virtute
578 709 717 765 aliqua
748 711 870 750 insita
901 716 1146 756 enascatur;
1183 722 1272 751 non
1302 711 1506 751 continuo
1536 712 1749 765 sequitur,
1779 717 1826 752 ut
1851 710 1961 752 idem
1989 715 2068 766 p'ro
2095 715 2373 768 pram

246 779 350 834 poni
379 778 526 834 possit.
556 777 645 819 Sed
675 784 787 818 esto:
820 779 912 832 quis
942 791 1047 819 vero
1076 777 1158 818 hoc
1187 777 1338 819 ordine
1360 777 1588 819 verborum
1619 780 1821 834 incipiam
1850 784 2021 820 tamen.-
2048 790 2076 820 'a
2094 782 2373 823 meritislcet.

245 854 388 905 neget,
417 850 576 904 primae
605 847 807 887 orationis
837 846 1000 894 virtuti,
1027 845 1331 900 perspicuitati,
1364 860 1510 900 parum
1541 847 1754 900 provisum
1786 848 1904 887 esse?
1935 845 2236 902 Quam-porro
2256 853 2371 891 -ῑοω

245 916 330 958 hoc
366 915 465 957 loco
504 915 702 969 dissipata
740 918 803 954 est
838 917 878 953 et
914 911 1071 954 inculta
1110 915 1268 954 oratio!
1317 913 1458 968 Atque
1485 913 1591 954 haec
1627 915 1766 954 omnia
1801 912 2010 963 feremus,
2046 914 2372 959 ,scilioetv-utmae

247 984 488 1026 discedatur
523 981 576 1023 ab
609 982 860 1022 auctoritate
897 979 1103 1022 librorum
1141 980 1433 1035 quorundam,
1473 995 1564 1021 cum
1595 987 1787 1031 constet,
1824 983 2064 1036 saepissime
2101 997 2156 1032 a,
2191 981 2375 1032 ‘repud

246 1055 359 1095 inter
392 1066 438 1093 se
466 1050 574 1092 male
604 1055 854 1090 commutata
887 1061 992 1090 esse.
1045 1047 1232 1103 Scaliger
1260 1047 1357 1104 legit
1388 1054 1458 1098 at,
1487 1049 1682 1090 Muretus
1712 1062 1784 1090 ac:
1817 1048 1861 1090 id
1880 1049 1988 1091 *mihi
2018 1048 2241 1104 probatur,
2270 1052 2372 1106 quia

247 1135 323 1170 ea,
365 1133 474 1174 quae
503 1122 756 1172 sequuntur,
785 1114 893 1166 illis,
932 1130 1040 1171 quae
1070 1130 1195 1171 supra
1225 1123 1627 1166 commemorantur,
1663 1129 1752 1157 non
1781 1123 2081 1171 opponuntur,
2099 1117 2195 1163 ‘sod
2221 1117 2373 1171 adiun—

247 1194 413 1244 guntur.
467 1184 595 1226 Haud
634 1182 764 1225 dubie
799 1184 927 1237 igitur
963 1182 1188 1238 legendum
1220 1190 1309 1224 est:
1354 1197 1406 1225 ac
1440 1185 1618 1224 meritas
1653 1185 1691 1225 .ςί
1729 1187 1925 1225 carmina
1957 1183 2373 1238 laudes».deficiant·.

246 1256 333 1297 Pro
371 1253 544 1296 humilis
583 1253 719 1293 tantis
761 1252 842 1291 sim
882 1250 1089 1292 conditor
1128 1253 1238 1293 actis
1282 1252 1478 1292 Heinsius
1497 1284 1507 1302 ‚
1551 1258 1596 1292 ut
1637 1254 1844 1307 ingratum
1888 1251 2134 1306 asyndeton,
2164 1252 2374 1303 :tollaturg

247 1323 376 1365 scribi
402 1321 540 1364 iubet:
572 1322 792 1375 tantisque
821 1316 993 1359 humilis
1024 1320 1148 1374 eique
1179 1332 1372 1360 assensus
1403 1327 1465 1360 est
1494 1320 1699 1360 Vossius:
1729 1319 1805 1360 sed
1835 1322 1891 1360 ita
1923 1322 2065 1362 omnis
2088 1322 2222 1370 ratio,
2251 1333 2375 1374 ‹qpae

246 1393 290 1433 vi
330 1397 370 1433 et
406 1387 600 1446 pondere
636 1385 865 1427 verborum
902 1393 1082 1436 constat,
1120 1389 1377 1442 pervertitur
1414 1387 1551 1439 (conf.
1582 1386 1832 1428 Dissensad
1861 1387 1899 1427 h,
1929 1385 1988 1438 l.).
2035 1386 2374 1444 Haud»=elegnn8

248 1466 313 1501 est
340 1456 454 1500 istud
483 1454 735 1511 asyndeton.
765 1455 858 1509 quis
888 1456 1036 1508 neget?
1071 1453 1146 1495 sed
1175 1453 1421 1508 intelligitur
1449 1461 1607 1504 tamen,
1645 1468 1732 1495 non
1764 1461 1924 1495 temere
1955 1455 2373 1498 omissa-wesmon-

233 1526 400 1583 ,pulann
428 1525 598 1566 Etenim
627 1529 773 1577 poeta,
803 1528 1023 1576 postquam
1053 1521 1182 1577 paulo
1212 1529 1305 1563 ante
1335 1524 1561 1576 generatim
1589 1522 1645 1563 de
1675 1521 1926 1563 carminibus
1955 1521 2125 1563 locutus
2151 1530 2242 1574 est,
2274 1535 2374 1565 cum

249 1597 388 1638 statim
417 1592 529 1634 idem
571 1591 624 1631 de
655 1604 733 1630 suo
764 1592 946 1630 carmine
974 1589 1174 1631 iudicium
1204 1589 1423 1640 subiiciat,
1461 1590 1563 1631 haec
1593 1590 1704 1639 duo,
1743 1603 1852 1644 quae
1881 1587 1932 1629 ad
1963 1591 2112 1643 poesin
2142 1591 2374 1643 pertinent,

246 1665 338 1719 ipsa
379 1657 625 1706 οἶοωνὸἑτως
668 1659 894 1713 componit.
955 1656 1089 1712 Quod
1126 1670 1228 1697 vero
1274 1656 1389 1697 addit
1433 1671 1513 1698 nec
1557 1659 1784 1712 quisquam
1826 1659 2025 1697 intexere
2067 1653 2251 1697 chartis
2273 1668 2372 1696 oum

248 1744 372 1773 omne
410 1742 540 1784 genus
577 1727 813 1780 scriptionis
835 1757 844 1774 ‚
884 1732 971 1765 tum
1007 1738 1146 1765 rerum
1187 1726 1493 1764 enarrationem
1524 1730 1693 1778 spectat.
1752 1721 2009 1763 Huschkius
2034 1721 2136 1777 falsa
2155 1724 2377 1778 interpr&

246 1801 407 1841 tatione
437 1795 663 1838 verborum
703 1791 910 1835 conditor
939 1794 1049 1834 actis
1081 1790 1135 1832 ad
1174 1794 1277 1832 mira
1313 1799 1547 1832 commenta
1587 1790 1782 1846 delapsus
1822 1797 1895 1831 est.
1941 1789 2376 1846 Scripturaffladenique

245 1872 426 1924 praeter
455 1870 499 1905 te
528 1870 568 1904 et
591 1863 842 1903 auctoritate
864 1859 1069 1901 librorum
1100 1861 1198 1900 satis
1229 1866 1291 1900 est
1310 1861 1467 1899 munita
1490 1873 1569 1900 nec
1599 1859 1827 1915 quidquam
1857 1865 1939 1909 est,
1969 1857 2158 1914 quod-,ei
2182 1859 2375 1915 refinge-

186 1954 191 1960 ·
248 1941 331 1976 tur.
362 1932 562 1976 Ceterum
586 1930 684 1971 mihi
705 1927 874 1984 quidem
903 1942 1149 1982 persuasum
1178 1934 1258 1976 est,
1288 1927 1389 1967 haec
1419 1929 1555 1967 omnia
1585 1942 1666 1968 una
1693 1926 1874 1982 periodo
1905 1925 2375 1981 comprehendenda&

248 2003 309 2043 sic
336 1997 670 2055 interpungenda
702 2011 811 2038 esse:
841 1996 1040 2050 Incipiam
1068 2003 1223 2037 tamen:
1255 2010 1304 2036 ac
1328 1996 1492 2036 meritas
1521 1997 1556 2035 si
1585 2027 1593 2035 .
1611 2027 1620 2036 .
1637 2027 1646 2036 .
1664 2026 1672 2035 .
1701 1994 1918 2044 deficiant,
1945 1993 2220 2036 humilis2....
2249 1995 2376 2046 actis,

247 2070 347 2113 Nec
380 2076 453 2110 tua
481 2099 492 2109 .
608 2071 760 2121 queat,
796 2063 918 2105 dictis
956 2064 1195 2119 supersint:
1235 2062 1313 2103 Est
1351 2062 1474 2104 nobis
1512 2061 1698 2103 voluisse
1739 2064 1861 2102 satis:
1902 2075 1982 2102 nec
2021 2067 2098 2102 cet.
2156 2060 2374 2103 Sententia

249 2139 378 2180 totius
408 2135 492 2177 loci
530 2141 612 2175 est:
657 2131 791 2173 dicam
829 2138 968 2172 tamen
1004 2137 1045 2171 et
1082 2131 1116 2171 si
1155 2128 1269 2181 (und
1299 2135 1448 2184 mogen
1479 2129 1722 2180 immet-hin)
1750 2130 1930 2169 carmina
1959 2127 2075 2169 nulla
2105 2135 2201 2170 tuas
2224 2127 2376 2170 laudoe

249 2210 526 2260 assequantur
544 2235 554 2251 ,
592 2208 640 2244 ut
677 2214 817 2255 neque
847 2213 924 2254 ego
955 2201 1004 2239 iis
1034 2200 1112 2239 rite
1143 2196 1410 2238 celebrandis
1440 2198 1537 2246 sim,
1572 2211 1714 2251 neque
1752 2195 1857 2236 alius
1887 2197 2105 2250 quisquam
2134 2203 2374 2249 praetento

248 2274 506 2328 reperiatur,
546 2271 618 2324 qui
643 2282 711 2309 res
741 2282 764 2307 a
794 2273 836 2307 te
865 2273 999 2321 gestas
1030 2269 1164 2320 possit
1190 2264 1314 2319 digne
1342 2263 1549 2313 scribere,
1588 2263 1784 2318 equidem
1814 2270 1953 2303 tamen
1983 2268 2245 2303 eascanam:
2275 2276 2374 2304 nam

249 2341 348 2382 satis
387 2346 449 2381 est
485 2337 585 2378 mihi
621 2335 834 2376 voluisse:
873 2342 920 2375 tu
950 2348 1053 2374 vero
1090 2326 1192 2373 haec
1220 2345 1395 2373 munera
1433 2333 1619 2386 quamvis
1657 2333 1802 2385 exigua
1842 2343 1929 2371 non
1956 2343 2148 2384 spernes.
2183 2346 2235 2362 -s
2261 2332 2300 2370 ff.
2321 2329 2374 2370 19.

253 2408 359 2450 Cres
388 2405 500 2448 tulit,
528 2403 642 2445 Vide
671 2403 940 2444 Homericum
970 2401 1169 2456 hymnum
1199 2401 1243 2441 in
1265 2399 1503 2454 Apollinem
1520 2431 1530 2449 ,
1558 2413 1606 2440 ex
1637 2412 1724 2453 quo
1753 2397 1850 2438 loco
1879 2395 1982 2437 disci
2012 2400 2374 2451 potest*,.=et1›qno

251 2475 361 2517 duce
392 2475 456 2515 usi
487 2474 569 2514 sint
601 2471 827 2513 Cretenses
854 2477 894 2510 et
924 2483 1031 2524 quae
1060 2468 1174 2510 dona
1204 2467 1284 2509 deo
1318 2467 1538 2508 dederint:
1571 2480 1678 2520 quae
1708 2479 1808 2506 sane
1842 2471 1961 2505 erant
1992 2461 2374 2518 exiguajr‘Confer.

250 2544 389 2598 Priap.
421 2541 471 2584 C.
501 2541 576 2581 53:
606 2539 844 2582 Contentus
874 2537 1041 2578 modico
1072 2535 1261 2576 Bacchus
1292 2534 1399 2575 solet
1430 2548 1522 2574 esse
1553 2546 1730 2574 racemo.
1761 2555 1813 2563 —
1844 2546 1910 2572 vv,
1938 2531 1992 2572 21
2022 2544 2112 2584 sqq.
2139 2528 2198 2570 Et
2228 2544 2375 2587 vagus

251 2626 277 2653 e
313 2611 444 2653 terris
461 2642 471 2659 ,
515 2622 602 2664 qua
643 2620 829 2663 surgere
865 2607 1019 2646 nititur
1055 2618 1133 2645 aer
1169 2602 1284 2644 Huic
1319 2607 1363 2643 et
1402 2607 1637 2642 contextus
1673 2602 1836 2656 passim
1870 2598 1994 2649 fluat
2027 2599 2185 2654 igneus
2219 2596 2377 2640 aetha-

251 2676 552 2732 Pendentique
580 2689 717 2731 supet-⁴
743 2671 1013 2715 claudantur·
1042 2677 1092 2712 ut
1127 2672 1273 2712 omnia
1303 2668 1440 2712 caela.
1491 2669 1624 2709 Poeta
1656 2667 1779 2717 dicit,
1817 2665 1992 2706 alios-in
2020 2663 2202 2705 dicenda
2230 2677 2374 2707 rerum

250 2753 405 2788 natura
431 2745 600 2785 versari.
633 2742 737 2783 Eam
765 2748 920 2796 poetae
946 2738 1082 2781 tribus
1114 2738 1205 2779 fere
1234 2735 1425 2793 partibus
1451 2735 1716 2785 describunt,
1751 2741 1878 2782 terra,
1915 2733 2035 2781 mari,
2070 2731 2376 2788 melaz-atque

250 2813 331 2855 hae
359 2819 444 2854 tres
472 2816 613 2866 partes
651 2810 734 2850 hoc
762 2821 935 2862 quoque
971 2806 1069 2848 loco
1103 2807 1391 2855 nominantur,
1429 2803 1503 2845 sed
1534 2802 1650 2844 addit
1678 2803 1859 2856 scriptor
1889 2797 2175 2848 etsaethem,
2202 2802 2376 2854 quinat

254 2880 410 2924 Cicero
439 2879 492 2921 de
522 2885 604 2920 nat.
632 2877 763 2918 Deor.
784 2875 841 2924 II,
874 2875 928 2915 45
958 2876 1032 2924 ait,
1062 2872 1178 2914 caelo
1210 2874 1422 2928 proximus
1454 2878 1496 2913 et
1525 2873 1773 2912 coniunctus
1805 2874 1847 2908 et
1878 2874 2085 2918 extremus
2113 2868 2377 2909 muniamini*

253 2961 356 3003 gens
393 2946 621 2989 ardorest
640 2978 651 2996 ‚
690 2951 733 2986 et
767 2957 940 2992 aerem,
980 2944 1053 2997 qui
1089 2947 1227 2982 terrae
1261 2941 1450 2994 proxime
1484 2938 1601 2979 fusus
1630 2935 1807 2978 sublime
1836 2934 1979 2976 fertur.
2008 2953 2011 2959 »
2036 2934 2196 2975 Verum
2222 2934 2378 2976 iubae
