2462 3112
1133 83 1240 129 xlx

101 222 223 254 mmo
257 214 348 262 est,
385 200 590 252 exclamat
625 207 829 266 Priapus:
872 219 970 252 nam
1006 212 1120 251 artes
1154 208 1332 251 miseras
1368 205 1475 249 haec
1511 204 1658 249 secula
1694 211 1887 248 tractant.
1931 205 2119 249 miseras
2155 203 2275 248 addit

99 278 230 321 animi
257 276 414 322 dolore
441 282 484 320 et
510 277 688 320 istarum
717 277 869 320 artium
899 277 1190 319 contemtione
1217 280 1450 332 permotus.
1480 274 1599 317 male
1627 281 1718 327 est,
1745 274 1866 316 velut
1896 273 2012 330 apud
2042 274 2270 316 Horatium

97 344 180 400 (11.
201 342 401 399 10,’17);
431 357 524 388 non
551 346 588 387 si
606 343 727 386 male
753 357 890 396 nunc,
921 351 963 387 et
991 343 1092 388 olim
1122 346 1184 386 sic
1213 346 1308 387 erit.
1339 368 1394 378 —
1431 357 1470 387 v.
1492 343 1565 385 65»
1600 343 1700 386 dum
1730 342 1893 385 robora
1922 341 2052 384 tellus
2083 366 2137 376 —-
2169 341 2271 393 dum

95 411 224 457 vehet
249 415 382 456 amnis
412 426 558 469 aquas.
602 414 756 455 mirum
793 416 987 469 zeugma!
1030 413 1269 469 comparari
1297 418 1440 455 tamen
1470 417 1615 468 potest
1645 409 1825 462 vehere,
1864 416 2076 467 quatenus
2105 409 2161 452 ad
2191 423 2267 454 ro-

95 480 210 526 bora
246 488 292 525 et
328 488 500 525 terram
535 481 766 534 referatur,
809 495 906 523 cum
942 494 1098 538 graeco
1136 480 1273 534 ὀχεῖν.
1308 505 1363 514 -
1419 494 1459 523 v.
1490 479 1560 521 69.
1617 485 1902 522 tercentenas
1932 477 2162 521 erroribus
2191 492 2270 520 ex-

93 548 222 607 plent
247 548 392 594 urbes.
439 549 595 606 ,Quam
626 548 939 606 interpretandi
967 551 1175 594 rationem
1205 544 1649 605 Ηογ111113111ς1085113
1680 553 1744 590 est
1773 546 1887 599 (vid.
1918 548 2010 588 eius
2039 551 2183 588 annot.
2215 546 2268 589 ad

93 617 136 661 11.
157 617 234 672 L),
264 632 315 662 ea
345 624 410 661 est
438 632 524 661 11113
553 619 784 661 verissima.
829 616 881 660 Id
909 619 1005 674 ipso
1035 616 1270 660 verborum
1301 615 1457 659 ordine
1487 614 1708 672 probatur.
1755 615 1936 671 Proprie
1965 628 2168 657 numerus
2199 622 2290 666 ex-'

95 685 241 744 pletur
268 693 343 730 aut
371 700 570 735 mensura
600 685 779 728 alicuius
812 687 956 743 spatii,
993 692 1042 728 ut
1070 687 1183 737 viae,
1223 684 1354 729 orbis,
1411 685 1595 727 Errores
1631 683 1785 726 horum
1816 683 2035 726 hominum
2062 681 2156 725 vult
2185 690 2270 726 tre-

93 760 244 798 centos
273 768 388 813 esse:
427 754 544 797 hunc
572 755 701 811 igitur
728 768 955 796 numerum
985 752 1206 796 erroribus
1235 755 1323 796 suis
1354 751 1563 809 expleant.
1600 757 1642 793 at
1670 750 1772 793 huic
1807 764 1987 794 numero
2027 750 2270 794 consociata

94 828 161 866 est
175 823 326 880 imago
355 821 615 880 peragrandi
643 823 785 879 spatii,
816 821 936 878 quod
965 821 1050 865 hoc
1077 813 1178 865 loco
1209 821 1391 865 urbibus
1422 820 1680 877 designatur.
1719 818 1851 862 Tales
1874 818 2135 872 locutioneS‚
2165 834 2269 876 qua-

92 888 155 933 lis*
175 889 283 934 haec
312 889 562 933 Tibulliana
591 897 676 943 est,
704 896 940 933 nascuntur
970 889 1188 944 celeritate
1217 891 1378 947 ingenii
1405 889 1545 930 varias
1575 902 1625 930 ac
1656 887 1844 931 diversas
1872 901 1941 930 res
1972 901 2059 930 una
2087 888 2268 945 imagine

93 958 437 1016 complectentis:
483 972 590 1016 quas
627 972 697 1001 res
733 972 865 1015 prosa
903 960 1043 1001 oratio
1066 958 1272 1016 ‘disponit
1309 965 1352 1001 et
1391 957 1590 1014 explicat,
1629 958 1774 1013 poesis
1811 969 1942 1013 saepe
1977 957 2190 999 contrahit
2228 962 2271 1000 et

93 1028 326 1084 coniungit.
389 1026 456 1070 Ex
488 1026 681 1070 *Porsoni
721 1025 848 1069 docta
885 1025 981 1079 illa,
1025 1041 1136 1084 quae
1174 1025 1399 1069 Huschkio
1439 1025 1663 1078 laudatur,
1708 1026 1986 1067 annotatione
2028 1023 2083 1066 ad
2119 1024 2268 1082 Eurip.

95 1093 242 1149 Orest.
263 1109 304 1138 v,
325 1094 392 1136 54.
423 1092 628 1151 quid-hic
656 1092 780 1136 locus
809 1093 919 1136 lucri
947 1094 1091 1147 faciat,
1127 1101 1221 1137 tute
1255 1096 1347 1151 ipse
1379 1093 1550 1137 videris.
1588 1118 1640 1125 —
1700 1108 1740 1136 v,
1772 1094 1838 1136 71.
1897 1093 1997 1135 Iure
2031 1093 2268 1135 Lachman-

92 1176 176 1206 nus
214 1169 258 1207 et
289 1163 520 1206 Disaenius
560 1162 707 1206 locum
744 1162 799 1206 ab
830 1164 947 1206 omni
978 1162 1236 1206 emendandi
1264 1162 1545 1219 mutandique
1576 1162 1813 1205 temeritate
1844 1160 2145 1204 defenderunt.
2203 1161 2269 1204 Ita

91 1237 192 1275 sunt
218 1231 360 1274 omnia
387 1232 574 1288 integra,
615 1245 737 1284 sana,
773 1238 969 1275 venusta.
1028 1232 1167 1274 Recte
1207 1233 1331 1274 etiam
1367 1231 1517 1288 paullo
1554 1230 1665 1274 infra
1701 1245 1740 1274 v.
1767 1231 1836 1274 81.
1875 1229 2002 1272 iidem
2036 1231 2117 1272 viri
2152 1230 2268 1274 docti

89 1298 303 1357 vulgatam
337 1300 591 1356 scripturam
621 1315 756 1358 quam
785 1299 909 1343 lento
939 1299 1208 1342 Marathum
1235 1299 1556 1356 repudiarunt„
1591 1298 1743 1342 Solent
1772 1313 1874 1341 sane
1904 1298 2159 1355 plerumque
2189 1313 2269 1342 no·

59 1360 204 1412 ‘mina
237 1368 416 1425 propria
443 1374 517 1411 aut
543 1370 800 1425 pronomina
827 1371 886 1412 ita
914 1368 1142 1421 collocari,
1180 1374 1228 1411 ut
1255 1382 1344 1411 non
1376 1367 1491 1410 aliud
1521 1365 1782 1409 vocabulum
1811 1367 2111 1408 interseratur:
2152 1372 2195 1408 at
2220 1367 2267 1408 in

88 1435 302 1480 toto-hoc
336 1450 493 1492 genere
527 1443 679 1493 regnat
711 1438 844 1487 ratio;
884 1437 965 1480 hac
1003 1444 1046 1481 et
1082 1436 1277 1494 pondera
1314 1451 1460 1479 rerum
1494 1433 1770 1478 examinanda
1807 1441 1850 1477 et
1885 1433 1997 1477 ordo
2032 1433 2266 1478 verborum

89 1504 416 1548 constituendus
443 1510 519 1546 est.
577 1499 766 1546 Veteres>
788 1507 1017 1556 rationem,
1045 1520 1134 1548 non
1162 1520 1286 1548 caeca
1315 1511 1544 1562 praecepta
1574 1504 1714 1546 secuti
1743 1509 1856 1546 sunt.
1906 1503 2166 1546 Necessario
2196 1502 2266 1546 hic

88 1571 365 1615 scribendum
382 1575 486 1615 ‘erat
512 1571 760 1615 Marathus
790 1575 936 1625 lento,
973 1574 1071 1630 quia
1100 1573 1227 1616 huius
1254 1573 1436 1615 hominis
1463 1573 1624 1615 mentio
1654 1571 1848 1614 nondum
1877 1570 1988 1614 facta
2025 1578 2100 1614 est.
2161 1570 2264 1627 Qua

88 1641 255 1684 ratione
277 1638 526 1683 Huschkius
553 1639 755 1683 inductus
785 1642 857 1692 sit,
885 1647 935 1683 ut
964 1640 1149 1693 diceret,
1179 1640 1429 1698 particulam
1457 1655 1591 1698 quam
1622 1638 1951 1697 inseparabilem
1981 1653 2074 1682 esse
2104 1637 2158 1682 ab
2190 1637 2265 1682 ad-

87 1710 244 1752 ieetivo
270 1707 416 1762 lento,
443 1722 535 1752 non
564 1711 803 1766 perspicio:
830 1724 913 1752 nec
942 1709 1117 1753 difficile
1148 1717 1230 1762 est,
1264 1724 1361 1752 eum
1387 1709 1602 1752 refellere.

93 1797 98 1803 ⁴
173 1775 292 1834 Eleg.
312 1777 368 1820 V.
393 1791 434 1820 v.
456 1777 494 1821 l.
554 1777 784 1835 loquebar.
841 1778 938 1830 Est,
981 1780 1123 1835 inquit
1160 1779 1408 1831 Dissenius,
1449 1777 1573 1834 loqui
1612 1779 1837 1834 proprium
1872 1746 2263 1835 magniloquentiae

88 1843 281 1888 verbum.
337 1845 399 1888 At
426 1844 551 1903 loqui
578 1845 693 1888 valet
731 1853 774 1888 et
813 1846 898 1889 hoc
933 1853 976 1889 et
1010 1846 1152 1889 multis
1189 1846 1278 1890 aliis
1312 1846 1419 1890 locis
1455 1847 1515 1888 im
1543 1844 1719 1887 Munde
1744 1844 1946 1899 ft't‘hren,
1983 1852 2126 1889 etwas
2161 1861 2262 1889 zum

94 1911 416 1972 Gegenstande
446 1912 526 1956 des
554 1912 805 1971 Sprechens
835 1913 1044 1967 machen,
1074 1914 1194 1958 velut
1222 1930 1346 1973 reges
1375 1922 1416 1958 et
1441 1914 1698 1967 tetrarchas,
1732 1916 1873 1957 omnia
1901 1929 2054 1971 magna
2085 1916 2262 1970 (Horat.

89 1981 224 2025 Serm.
244 1982 276 2023 Ι.
297 1981 345 2033 3,
366 1981 470 2034 12),
511 1982 677 2038 proelia
716 1982 972 2038 coniugibus
1009 1983 1231 2040 loquenda
1268 1984 1358 2038 (Id.
1383 1983 1434 2028 C.
1456 1983 1531 2025 IV.
1554 1983 1602 2035 4,
1625 1982 1729 2036 68),
1767 1997 1916 2025 aurum
1948 1990 1993 2026 et
2022 1991 2262 2040 argentum,

86 2049 203 2106 leges
235 2055 280 2092 et
312 2050 406 2091 iura
435 2047 569 2105 loqui.
627 2049 693 2091 Ex
722 2051 814 2105 ipsa
843 2063 892 2091 re
921 2056 1051 2106 atque
1075 2044 1269 2108 persona
1299 2051 1518 2108 loquentis
1549 2052 1815 2108 agnoscitur,
1852 2065 1955 2093 num
1984 2051 2029 2094 id
2058 2051 2135 2094 fiat
2165 2067 2261 2097 cum

83 2118 312 2160 iactatione
338 2123 381 2159 et
406 2116 557 2173 gloria.
615 2117 796 2173 Egregie
826 2123 966 2159 autem
995 2119 1128 2161 servit
1157 2121 1198 2161 ei
1225 2118 1548 2175 significationi,
1587 2133 1698 2176 quae
1727 2119 1812 2161 hoc
1845 2118 1946 2161 loco
1985 2118 2085 2162 111110
2121 2119 2258 2170 verbo

84 2183 256 2237 subest,
290 2184 584 2242 imperfectum
619 2184 848 2243 loquebar.
909 2184 1043 2227 Simili
1076 2185 1208 2229 modo
1245 2189 1370 2230 etiam
1403 2187 1515 2229 infra
1549 2185 1679 2230 dicor
1716 2188 1781 2240 (v,
1807 2187 1888 2240 10)
1923 2188 2259 2244 interpretantur

85 2258 285 2298 constat:
315 2267 394 2297 cur
413 2252 615 2296 tandem?
643 2253 691 2296 Si
716 2268 841 2310 quem
871 2254 943 2296 alii
973 2255 1121 2298 dicunt
1151 2256 1313 2313 aliquid
1343 2258 1497 2314 egisse,
1526 2270 1705 2299 necesse
1726 2263 1810 2308 est,
1838 2255 1902 2308 id,
1933 2257 2053 2313 quod
2074 2257 2143 2300 a-lii
2168 2260 2256 2301 suis

46 2331 53 2336 “
83 2319 353 2365 sermonibus
375 2320 593 2374 differant,
622 2323 674 2364 iis
695 2323 739 2364 in
764 2324 955 2364 notitiam
982 2325 1174 2374 venisse;
1203 2325 1306 2368 inde
1332 2324 1600 2382 intelligitur,
1631 2339 1720 2367 rem
1749 2338 1840 2367 non
1870 2325 2081 2368 occultam
2112 2334 2152 2369 et
2181 2326 2257 2369 ab-

85 2388 216 2435 ditam
243 2388 427 2434 latuisse.
467 2389 611 2433 Habet
638 2392 767 2447 igitur
796 2390 925 2434 dicor
956 2399 999 2434 et
1024 2392 1093 2435 hic
1124 2400 1165 2436 et
1191 2393 1294 2435 alibi
1321 2395 1406 2435 vim
1432 2394 1650 2450 propriam
1680 2407 1730 2435 ac
1758 2407 1898 2446 suam,
1927 2394 2038 2436 mich
2067 2401 2156 2451 sagt
2184 2394 2256 2438 vel

82 2463 218 2503 neunt
244 2471 343 2500 man
374 2457 436 2500 als
465 2457 569 2511 den,
601 2458 679 2501 der
709 2465 789 2502 cet.
828 2459 994 2502 Verum
1021 2460 1125 2504 haec
1153 2468 1193 2504 et
1219 2461 1374 2504 horum
1401 2462 1549 2504 similia
1578 2464 1768 2519 tetigisse
1796 2464 1898 2505 satis
1926 2465 2025 2515 erit,
2052 2470 2101 2507 ut
2125 2479 2255 2522 appa-

81 2530 196 2578 reat,-
232 2540 358 2583 quam
390 2541 517 2583 saepe
554 2527 907 2583 interpretatione
935 2543 1085 2585 parum
1112 2537 1309 2573 accurata
1335 2529 1569 2573 verborum
1601 2529 1933 2587 significationes
1963 2530 2253 2577 obscurentur

84 2601 494 2652 autpervertantur.
526 2619 580 2628 —
624 2609 663 2638 v.
694 2595 733 2638 3.
779 2596 863 2636 Hic
891 2604 1040 2639 contra
1069 2599 1256 2640 omnium
1284 2597 1494 2641 librorum
1524 2600 1817 2642 auctoritatem
1843 2599 2045 2642 scribitur
2070 2600 2251 2646 turben:

53 2694 62 2700 -
83 2665 191 2707 tanti
222 2664 427 2722 ponderis
466 2671 531 2708 est
571 2666 696 2707 unius
727 2666 1003 2722 grammatici,
1043 2665 1246 2716 Charisii,
1281 2668 1590 2709 testimonium:
1633 2682 1890 2724 quamquam
1916 2668 1984 2709 hic
2013 2670 2104 2724 ipse
2134 2671 2250 2713 testis

82 2729 261 2775 formam
299 2732 460 2775 turben
501 2733 683 2776 damnat.
750 2735 827 2776 Est
869 2733 939 2775 illa
982 2731 1178 2776 obsoleta
1215 2733 1387 2790 quidem
1421 2734 1546 2787 (vide
1571 2734 1823 2778 Schneider.
1855 2734 2039 2778 Gramm.
2067 2737 2105 2778 T
2108 2751 2189 2782 om.
2215 2737 2249 2782 Ι.

82 2813 125 2856 p.
147 2798 279 2851 130),
307 2799 385 2842 sed
413 2801 569 2843 iccirco
597 2800 831 2858 improbari
851 2803 1013 2858 nequit.
1056 2801 1241 2846 Causam
1266 2808 1426 2855 tamen,
1457 2802 1738 2859 quamobrem
1759 2802 1937 2846 Tibullo
1958 2803 2061 2847 haec
2079 2812 2250 2850 vetusta

80 2863 207 2909 verbi
235 2866 371 2909 forma
401 2867 628 2924 placuerit,
666 2869 862 2926 equidem
892 2870 1053 2913 nullam
1084 2871 1279 2913 invenio·
1310 2878 1471 2927 pugnat
1501 2874 1731 2915 auctoritas
1761 2871 1990 2928 librorum,
2024 2889 2135 2930 quos
2164 2889 2246 2920 nos

82 2933 310 2989 habemus,
336 2950 432 2978 cum
465 2938 719 2982 auctoritate
749 2937 952 2982 Charisii:
982 2938 1088 2983 11300
1115 2940 1208 2998 ipsa
1235 2953 1365 2997 quam
1393 2938 1517 2984 firma
1544 2948 1586 2985 et
1612 2942 1775 2993 munita
1802 2943 1874 2995 sit,
1901 2955 1993 2986 non
2018 2942 2165 3000 liquet.
2196 2958 2247 2988 ex

1701 3008 1730 3052 3
1757 3008 1784 3037 a
