2462 3112
1257 143 1342 182 ΧΠ

227 257 302 299 Ac·
320 255 419 298 mihi
446 254 633 311 ⁴quidem
660 255 821 298 mauide
850 255 1115 298 numeri-ad.
1143 254 1487 311 indignationoen
1507 259 1672 313 spei-in
1702 261 1929 301 crastinum<
1955 259 2384 315 sempor-ztliemoek

229 323 343 366 lium
369 322 858 380 differentis'compositi
887 323 1101 368 videntum
1136 323 1352 364 Haec·ars
1383 330 1645 379 estfpnetae,
1674 326 2374 382 non:,uegligentia;‹‘Vidthnnm

230 390 474 447 Gruppium
506 390 619 433 lib'ro
651 405 781 447 saepe
810 393 891 433 iam
923 391 1041 432 dicto
1068 405 1162 446 pag.
1191 391 1259 432 81.
1316 389 1841 448 Οθῑεωιιιεωνὲίᾱ.;Ερίεί.
1871 396 1919 436 e'x
1947 395 2372 446 Pom.·‹.11!,16‚³432

229 457 305 499 Me
327 462 752 514 quoque-conantem
783 457 925 513 gladio
955 457 1082 499 finire
1105 457 1645 514 dolorem*¹(spes)-·arcuit
1665 450 2373 519 iniectam?continuitquesmpuumz

230 548 285 556 --
302 525 432 568 v..2·1.
460 524 569 582 Spes
588 526 669 568 alit
692 526 934 586 agricolas.
967 525 1097 567 ovid.
1128 525 1190 567 Ib.
1215 525 1317 568 130:
1351 534 1641 583 spequetuae
1670 529 1836 579 mortis,
1865 529 2047 584 perfide,
2069 530 2374 587 :sempemwkm

230 591 334 634 Stat.
360 591 495 635 Theb.
516 593 612 642 XII,
645 593 745 634 739:
776 595 837 634 sic
862 595 978 634 iuvat
1007 594 1204 634 exanimis
1235 595 1512 649 proiectaque
1532 594 1703 651 praeda
1722 604 1941 651 canesque·
1959 596 2374 654 degeneresqumlm

229 673 331 716 pos:
360 673 537 715 magnos
565 659 640 702 alit
661 662 730 702 ira
760 660 920 702 leones
949 660 1094 702 Alere
1122 659 1501 712 enim'iddicitur,
1530 662 1647 717 quod
1667 663 1750 704 vim
1771 662 1948 705 alicuius
1980 672 2023 706 et
2043 664 2373 722 {mosangen

233 726 454 769 Sententia
475 734 538 769 est
558 726 695 782 plana.
729 727 861 782 Quod
891 741 1003 768 vero*
1029 728 1224 784 Heynius
1255 730 1439 782 quaerit,
1467 738 1567 771 num
1586 729 1650 771 'ad
1683 730 1977 773 declarandam
2008 730 2373 786 dominumtuum

232 808 303 847 ea,
334 809 445 851 quae
467 795 549 837 hoc
576 794 675 836 loco
699 794 765 837 de,
783 797 967 851 aucupio
995 803 1035 837 et
1056 797 1291 851 piscatione
1313 795 1578 847 dicerentur,
1602 799 1715 838 satisv
1731 805 1871 839 essent
1898 798 2235 851 accommodam
2259 799 2373 842 hand

230 862 447 918 indignum
483 869 547 905 est
575 864 681 904 tanti
720 865 800 904 viri
831 862 1012 905 iudicio:
1049 870 1148 905 sunt
1177 866 1287 905 enim
1316 866 1392 907 ista
1424 866 1592 907 inventa
1628 865 1831 907 humanae
1859 868 2002 921 potius
2025 869 2207 909 ‘astutiae
2235 866 2367 919 (ιῳηέ

231 930 469 986 Sophocles
498 931 638 985 Antig.
667 944 734 971 vv,
769 930 853 971 332
890 933 1014 986 sqq).
1072 931 1366 974 Veruntamen
1406 932 1623 974 fatendum
1664 940 1753 984 est,
1798 947 1892 974 cum
1923 935 2375 989 piscatns«>etxaucupii

231 1000 395 1042 fructus
424 1003 515 1041 ‘non
543 1001 679 1041 minus
713 999 833 1041 dubii
863 1002 946 1041 sint
978 1007 1018 1041 et
1045 1002 1218 1050 incerti,
1247 1002 1370 1056 q‘uam
1398 1002 1615 1050 arationis,
1659 1003 1714 1042 ita
1746 1007 1794 1043 ut
1818 1006 2038 1056 pauperes·
2060 1001 2252 1044 homines
2269 1001 2375 1044 -sola‘

233 1081 309 1124 spe
341 1067 396 1110 ad
426 1067 533 1108 haec
560 1069 732 1123 negotia
764 1066 990 1109 subeunda
1021 1074 1063 1109 et
1093 1067 1313 1109 toleranda
1339 1067 1588 1122 adigantur„
1626 1082 1714 1109 non
1747 1068 1855 1110 male
1885 1069 1966 1110 hoc
1995 1068 2094 1111 loeo
2125 1070 2239 1111 artes
2262 1070 2375 1111 eius*

233 1135 330 1177 dem
361 1137 527 1191 generis
557 1143 821 1191 comparatas
851 1149 956 1177 esse.
990 1134 1116 1178 Conf.
1146 1137 1292 1177 incert.
1323 1142 1437 1190 poet.
1464 1135 1669 1187 (Anthol.
1699 1135 1767 1178 lat.
1792 1136 1823 1178 l.
1854 1135 1935 1188 1112,
1966 1136 2374 1192 82):»·Spemt‚.qui

234 1217 367 1245 curvo
408 1201 551 1244 sulcos
590 1204 830 1258 perrumpit
868 1209 1037 1244 aratro:
1076 1209 1247 1258 sperat,
1285 1204 1359 1258 qui
1394 1205 1545 1244 ventis
1569 1203 1674 1244 vela·
1706 1203 1880 1245 ferenda
1926 1204 2068 1246 dedit:
2111 1218 2209 1259 spes
2230 1204 2375 1245 {hamis

232 1273 397 1327 pisces,
436 1270 593 1326 laqueo
635 1276 814 1325 captare‘
835 1268 1058 1319 volucres,
1097 1269 1238 1311 erudit
1267 1276 1344 1311 cet.
1375 1293 1427 1300 —
1464 1269 1638 1312 Frustra
1669 1274 1851 1322 coniecit
1879 1273 2080 1314 Heinsius
2101 1270 2248 1314 hamis
2271 1270 2376 1314 suli·-

235 1337 347 1380 didit
378 1343 482 1380 ante
513 1337 644 1380 cibos.
705 1338 923 1393 Scriptura
954 1336 1124 1379 abdidit
1151 1340 1199 1378 iis
1237 1336 1343 1379 locis
1361 1369 1370 1386 ,
1409 1351 1517 1392 quos
1548 1338 1746 1393 Heynius
1785 1346 1826 1380 et
1854 1338 2095 1381 Huschkius
2126 1338 2375 1388 attutemutl

231 1409 290 1449 ita
319 1406 480 1448 firmata
509 1414 590 1456 est,
629 1414 675 1448 ut
713 1406 897 1448 convelli
934 1414 1128 1461 nequeat.
1157 1429 1211 1439 —
1250 1421 1289 1447 v.
1320 1403 1387 1445 28.
1414 1407 1651 1447 >nem'ncas
1671 1437 1684 1456 ,
1714 1405 1829 1447 dura
1855 1406 2032 1462 puella,
2063 1405 2220 1448 deam':
2256 1413 2375 1461 spem

234 1473 335 1515 dicit
364 1481 511 1529 poeta,
543 1474 633 1515 aliis
662 1475 873 1515 invictam,
903 1488 1024 1529 spem
1053 1487 1158 1514 vero
1186 1475 1363 1515 vincere
1382 1472 1485 1527 quid
1515 1472 1630 1514 aliud
1661 1480 1740 1523 est,
1767 1487 1892 1528 quam
1922 1473 2088 1524 facere,
2112 1481 2164 1517 lut
2184 1475 2376 1515 succum*-

232 1540 308 1583 bat
344 1543 370 1582 i.
411 1555 446 1582 e.
481 1549 529 1583 ut
565 1540 669 1583 nihil
698 1540 869 1582 valeat?
921 1540 1134 1582 Sententia
1172 1542 1297 1595 igitur
1326 1546 1416 1580 est:
1453 1539 1544 1581 noli
1573 1540 1741 1591 facere,
1780 1548 1827 1582 ut
1854 1552 1972 1596 spem
2005 1543 2066 1582 tui
2095 1541 2376 1591 amoi'isssmihi

234 1607 490 1650 conciliandi
519 1621 687 1650 omnem
717 1605 920 1647 abiiciam.
952 1629 1004 1638 -
1034 1621 1073 1646 v.
1104 1606 1171 1648 33.
1210 1606 1337 1647 Illius
1366 1613 1426 1648 ut·
1443 1606 1616 1656 verbis,
1644 1610 1704 1649 sis
1729 1607 2001 1661 mihi-lenta,
2030 1615 2143 1650 veto.
2188 1607 2261 1648 Ut
2283 1621 2374 1650 non

232 1686 360 1729 posse
389 1688 483 1714 cum
512 1677 573 1717 sis
602 1675 754 1729 iungi,
786 1675 865 1715 viri
904 1672 1019 1714 docti
1057 1687 1201 1714 omnes
1240 1672 1292 1713 ad
1332 1687 1462 1714 unum
1495 1673 1720 1714 viderunt:
1760 1677 1943 1728 quippe,
1983 1673 2373 1716 adversatur'enim

233 1754 337 1782 usus
373 1741 578 1782 sermonis
615 1739 745 1781 latini.
788 1739 952 1793 vItaque
994 1739 1202 1793 explicant
1239 1745 1463 1793 tanquam.
1506 1738 1643 1779 Recte
1683 1755 1731 1780 ac
1766 1742 2006 1782 necessario
2037 1740 2373 1795 istum-quidem:

234 1806 312 1849 sed
348 1821 530 1857 vereor,
567 1820 621 1848 ne
656 1806 763 1846 haec
796 1804 1000 1860 particula
1040 1807 1123 1846 vim
1162 1807 1396 1847 sententiae
1424 1805 1596 1860 frangat.
1647 1806 1983 1848 Etenimvetare
2017 1813 2091 1849 aut
2118 1805 2278 1849 iuberet
2298 1807 2376 1849 ali-

234 1876 354 1916 cuius
389 1873 536 1916 verbis
562 1872 768 1929 significat
801 1874 845 1913 in
885 1875 998 1914 eines
1030 1873 1196 1914 Namen
1235 1879 1367 1913 etwas
1405 1871 1623 1914 verbieten
1660 1873 1767 1915 oder
1808 1873 2034 1929 gebietend
2074 1875 2188 1916 Mihi
2218 1881 2269 1917 vt
2293 1890 2374 1931 po·

232 1944 337 1994 tius,
377 1956 502 1998 quam
539 1948 588 1983 ut
623 1940 901 1997 probaretur:
943 1947 983 1981 at
1024 1955 1146 1995 quain
1175 1939 1297 1981 facile
1325 1946 1375 1981 ut
1410 1939 1555 1982 ultima
1584 1940 1749 1996 syllaba
1786 1941 1907 1984 verbi
1935 1942 2191 1984 illiusmsci
2216 1944 2373 1998 puniit!

231 2011 375 2065 Atque
414 2010 581 2050 numeri
618 2009 698 2063 ipsi
735 2007 789 2048 ad
830 2009 1072 2062 gravitatem
1112 2005 1407 2048 obtestationis
1447 2007 1588 2049 forent
1627 2011 1880 2064 compositi,
1927 2012 1980 2051 si⁴
2008 2009 2207 2065 scriptum
2239 2017 2374 2053 asset:

233 2076 362 2119 Illius
390 2075 533 2118 verbis
562 2075 701 2128 (conf.
734 2075 772 2125 1,
803 2074 850 2124 8,
880 2075 958 2122 663
1001 2074 1059 2124 ΙΙ,
1089 2075 1138 2124 2,
1171 2075 1240 2126 7.).
1270 2096 1324 2106 -·
1362 2089 1401 2114 v.
1437 2075 1504 2116 45.
1544 2074 1667 2117 Lena
1694 2082 1815 2117 vetat
1844 2079 2050 2119 miserum
2074 2076 2273 2132 Phryne:
2293 2109 2298 2115 .
2319 2078 2374 2119 -ln

232 2144 352 2186 libris
383 2151 444 2186 est
471 2142 651 2200 phime,
670 2142 838 2198 fyr-nc,
859 2142 1028 2195 sterne,
1058 2141 1201 2184 Izirne:
1233 2157 1282 2183 ex
1306 2140 1464 2199 phil-ne
1493 2142 1662 2184 refinxit
1681 2144 1876 2185 Muretus
1904 2143 2113 2199 Phryne„
2137 2145 2196 2187 m?
2216 2157 2373 2187 nomen

237 2213 360 2254 etiam
400 2210 513 2266 apud
549 2211 821 2265 Propertium
862 2209 929 2259 Π,
978 2210 1035 2259 6,
1080 2210 1106 2250 5
1146 2212 1188 2251 in
1227 2209 1444 2265 plerisque
1486 2209 1706 2252 codicibus
1744 2211 2060 2253 eodemmodo
2099 2212 2374 2268 depravatum

235 2285 338 2321 erat.
376 2279 540 2320 Verum
570 2276 773 2332 quicquid
803 2276 1028 2317 Dissenius
1058 2283 1204 2318 contra
1227 2276 1492 2318 Huschkium
1521 2277 1643 2327 dicit,
1673 2281 1817 2334 negari
1845 2281 2012 2334 nequit,
2041 2282 2372 2335 mummia-ique

232 2346 334 2390 loco
358 2337 545 2402 ,Positum
577 2359 679 2387 esse.
711 2343 848 2398 Quid,
882 2358 1067 2400 quaese,
1096 2358 1249 2386 nomen
1279 2344 1401 2386 lenae
1431 2345 1486 2387 ad
1515 2349 1626 2398 rem?
1656 2346 1805 2402 Longe
1836 2346 1936 2388 alias
1965 2354 2105 2403 partes
2124 2347 2372 2403 <agtt'Nape

233 2412 487 2456 illa-Ovidii
525 2413 697 2463 (Amor.
737 2411 779 2462 1,
818 2412 917 2464 IL).
978 2413 1062 2453 Pro
1096 2417 1220 2453 vetat
1250 2413 1469 2453 Pomanus
1508 2414 1688 2454 coniecit
1726 2419 1882 2455 necat:
1928 2428 2055 2468 quarn
2087 2415 2370 2455 coniecturam

233 2481 460 2523 Dissenius
491 2478 591 2520 dicit
619 2479 777 2519 firmari
804 2481 854 2520 iis
874 2512 883 2529 ,
920 2493 1030 2533 quae
1059 2479 1167 2520 iufra
1195 2479 1394 2533 leguntur
1423 2485 1528 2522 tunc
1557 2483 1726 2522 morior
1754 2483 1882 2522 curis.
1935 2483 1991 2523 At
2020 2481 2124 2522 haee
2151 2482 2244 2536 i‘psa
2271 2484 2372 2522 con—

233 2550 423 2590 iecturae
451 2547 634 2588 Pontani
666 2537 896 2588 occurrunt
925 2549 1093 2602 potius,
1131 2561 1254 2602 quam
1288 2555 1550 2589 succurrunt.
1611 2547 1799 2589 Omnino
1829 2548 1902 2590 illa
1932 2547 2034 2590 nihil
2063 2547 2115 2589 ad
2144 2547 2247 2599 haevc
2265 2562 2373 2603 per·

232 2617 382 2658 tinent.
442 2613 613 2657 Deinde
651 2613 830 2664 dubito,
873 2628 973 2655 num
1011 2628 1172 2656 necare
1207 2622 1372 2655 veteres
1411 2629 1458 2656 ea
1495 2617 1536 2656 vi
1574 2629 1623 2656 ac
1657 2615 1962 2671 significatione
1996 2617 2245 2670 posuerint,
2280 2630 2370 2670 qm

231 2682 372 2725 multis
413 2681 520 2724 locis
558 2695 744 2724 enecare
781 2681 938 2723 dictum
972 2684 1191 2736 reperitur.
1248 2681 1541 2723 Lachmannus
1578 2682 1678 2737 legit
1717 2688 1851 2724 vocat
1888 2683 1913 2724 i.
1953 2696 2001 2724 e.÷
2026 2684 2369 2738 invitataipsam

232 2752 362 2792 enim.
383 2750 588 2791 orationis
627 2755 878 2790 structuram
918 2747 1170 2798 ostendere,
1212 2750 1435 2804 sequentia
1471 2749 1525 2791 de
1563 2751 1815 2791 commercio
1853 2748 2045 2791 literaria.
2078 2748 2239 2791 Tibulli
2264 2763 2370 2792 cum

232 2815 412 2860 Nemesi
448 2814 721 2871 intelligenda
758 2830 862 2858 esse.
916 2814 983 2857 Ab
1022 2816 1100 2857 hac
1136 2818 1214 2858 viri
1253 2816 1482 2858 doctissimi
1527 2818 1731 2872 opinione
1775 2816 2370 2869 dissentit-Dissenius,:·.nec

229 2886 397 2926 iniuria.
445 2883 560 2925 Nam
583 2886 625 2925 si
654 2882 796 2925 literas
824 2882 1096 2938 intelligimus
1126 2898 1150 2925 a
1181 2882 1358 2925 Tibullo
1385 2882 1508 2925 datas
1539 2891 1581 2926 et
1610 2891 1803 2939 acceptas
1821 2916 1832 2935 ,
1862 2883 1965 2938 quid
1992 2897 2165 2926 caussae
2189 2883 2369 2930 ‘dicimus

227 2952 390 3003 fuisse,
428 2963 504 2992 cur
540 2949 636 2992 lena
663 2949 833 3003 sur-tim
872 2949 1049 2992 occulto
1079 2952 1179 2992 sinu
1214 2949 1396 2992 tabellas
1429 2954 1644 3006 portaret?
1700 2951 1922 3008 Conqueri
1950 2950 2369 3009 videtur-{ribulluqff
