2462 3112
1181 148 1264 186 xn

139 262 202 304 fas
232 262 284 304 sit
314 261 419 304 elam
450 277 661 319 peccare:
691 265 857 319 paranti
881 265 906 305 i.
937 278 970 306 e.
1003 266 1038 306 si
1063 277 1185 319 pares
1208 263 1296 306 scil.
1324 278 1524 320 peccare,
1553 265 1676 307 Deus
1700 267 1774 317 sit,
1805 268 1879 323 qui
1902 274 2038 318 vetet,
2068 267 2147 311 hos
2172 266 2300 311 dolos

141 329 332 373 occultos
363 344 466 374 esse.
513 331 599 373 Pro
630 331 747 374 clam
774 338 914 373 autem
945 331 1094 387 quidni
1118 339 1274 388 poetae
1298 331 1549 375 adiectivum
1572 340 1644 375 aut
1667 335 1935 390 participium
1958 348 2123 391 ponere
2148 333 2301 379 liceat?

143 396 344 439 Occurrit
360 397 533 453 quidem
550 399 795 440 Dissenius:
823 398 1095 440 scribendum
1116 400 1173 440 ait
1192 399 1338 441 fuisse:
1362 414 1444 441 nec
1450 399 1538 453 fas
1557 399 1633 442 tibi
1647 403 1706 443 sit
1725 401 1874 444 celare
1888 404 2104 458 peccanti.
2135 402 2299 445 Nonne

140 478 248 507 vero
279 479 429 520 graece
460 464 614 507 dicitur
641 466 777 512 ἔλαθε
804 464 987 519 ποιήσας
1017 473 1058 508 et
1088 465 1247 514 λαβών
1274 464 1475 520 ἐποίησεν
1502 474 1575 508 aut
1598 471 1715 523 δῃοῦν
1734 466 1893 520 φθάνω
1918 475 1959 511 et
1983 466 2174 522 φθάνων
2199 473 2298 525 Gna?-

141 532 284 587 Atque
307 531 412 574 haec
435 533 546 575 inter
570 547 616 574 se
643 532 836 584 differre,
866 547 994 575 nemo
1018 534 1194 590 ignorat.
1233 533 1367 576 Simili
1381 532 1512 576 modo
1537 547 1617 575 nec
1627 533 1715 587 fas
1739 541 1807 577 est
1829 534 1905 578 tibi
1926 535 2090 577 celanti
2109 550 2300 593 peccare

141 597 273 643 valet:
307 613 351 641 es
374 600 428 641 ist
453 599 520 641 dir
543 599 806 656 unmoglich,
833 600 1029 643 heimlich
1052 615 1106 643 zu
1135 600 1360 656 siindigen:
1391 600 1566 650 alterum
1593 607 1732 643 autem
1754 615 1834 643 nec
1847 601 1935 655 fas
1957 609 2025 644 est
2049 602 2125 645 tibi
2149 602 2299 646 celare

141 668 363 723 peccanti:
396 680 440 708 es
462 668 516 709 ist
542 667 608 709 dir
639 667 898 724 unmoglich,
928 682 1059 710 wenn
1088 668 1146 710 du
1176 668 1388 724 siindigst‚
1419 682 1463 710 es
1493 682 1549 710 zu
1576 667 1824 710 verhehlen:
1854 683 1956 725 ergo
1983 668 2300 728 alterumytollit

143 739 395 788 potestatem
423 732 594 787 furtim
619 734 868 792 peccandi,
908 735 1086 778 alterum
1123 738 1296 793 peccati
1326 734 1514 778 celandi.
1571 736 1773 792 Denique
1802 736 1968 778 dativus
1998 736 2161 779 celanti
2195 735 2300 779 nihil

144 799 275 843 habet
304 800 578 853 offensionis,
610 817 705 844 cum
735 805 844 844 ratio
874 805 963 844 eius
994 803 1200 845 simillima
1231 804 1284 845 sit
1308 802 1438 845 dativi
1467 802 1611 844 verbis
1641 803 1765 854 licet,
1795 802 1953 855 datur,
1983 805 2202 861 contingit
2225 802 2300 846 ad-

143 869 287 911 iuncti.
317 867 385 910 Ne
415 882 519 911 vero
551 870 645 924 quis
673 869 934 912 fastidiosior
963 885 1165 913 numeros
1201 870 1389 921 damnet,
1421 870 1544 912 adeat
1573 871 1811 927 Heynium,
1842 873 1916 926 qui
1946 870 2125 913 aliorum
2153 872 2300 926 poeta-

145 949 239 976 rum
270 933 391 977 locos
422 936 711 992 comparando
741 937 850 979 hanc
880 937 1159 980 offensionem
1191 936 1443 979 sublevavit.
1479 938 1565 979 Iam
1594 952 1698 980 vero
1727 945 1858 980 totam
1887 939 2137 980 sententiam
2166 939 2202 980 si
2231 951 2301 980 ex-

147 1004 415 1054 aminaveris,
446 1003 553 1045 nihil
585 1006 795 1055 invenies,
835 1004 953 1061 quod
982 1005 1178 1061 vulgatae
1208 1007 1442 1061 scripturae
1472 1004 1734 1048 adversetur.
1789 1005 1930 1047 Modo
1960 1019 2142 1060 namque
2169 1011 2300 1062 poeta

146 1083 324 1125 puerum
355 1073 550 1122 monuit,
590 1086 635 1113 se
664 1071 791 1113 malle
824 1074 963 1114 omnia
995 1072 1200 1129 supplicia
1231 1075 1422 1129 perpeti,
1454 1087 1579 1129 quam
1611 1074 1702 1114 eius
1732 1072 1963 1128 perfidiam.
2023 1073 2133 1114 Tum
2161 1074 2300 1128 pergit

145 1135 305 1179 dicere:
336 1151 417 1179 nec
442 1137 518 1180 tibi
542 1138 706 1181 celanti
716 1138 804 1191 fas
826 1141 884 1181 sit
906 1154 1114 1195 peccare:
1141 1142 1324 1196 paranti
1345 1142 1404 1182 sit
1427 1138 1556 1191 deus,
1586 1142 1660 1197 qui
1681 1147 1760 1183 cet.
1780 1148 1917 1182 verte:
1944 1140 2067 1182 Auch
2086 1142 2147 1182 sei
2169 1139 2300 1182 heim-

145 1203 230 1256 lich
258 1218 312 1246 zu
342 1205 550 1261 siindigen
582 1205 649 1247 dir
676 1220 781 1262 ganz
811 1206 1071 1262 unmoglich:
1105 1207 1265 1249 machst
1295 1207 1354 1249 du
1383 1206 1467 1249 den
1496 1206 1711 1263 Anschlag
1740 1207 1870 1258 dazu,
1903 1206 2028 1256 hore,
2060 1220 2109 1248 so
2139 1208 2199 1248 sei
2230 1207 2300 1248 ein

149 1270 276 1322 Gott,
307 1270 387 1313 der
422 1271 577 1314 deinen
609 1273 726 1328 Trug
756 1273 871 1314 nicht
901 1272 1143 1329 verborgen
1172 1275 1264 1316 sein
1294 1270 1418 1315 lasse.
1470 1274 1520 1316 In
1548 1274 1611 1316 his
1639 1273 1837 1330 equidem
1866 1272 1971 1315 nihil
2001 1273 2148 1324 video,
2179 1271 2298 1329 quod

148 1341 243 1395 quis
273 1341 367 1381 iure
397 1339 693 1395 reprehendat.
753 1341 870 1382 Num
900 1354 1004 1382 vero
1035 1347 1154 1382 vetet
1181 1355 1234 1382 an
1263 1346 1387 1382 vetat
1417 1339 1687 1382 scribendum
1719 1342 1792 1397 sit,
1821 1341 2007 1382 incertus
2037 1354 2141 1382 sum.
2185 1339 2298 1394 Cum

144 1408 203 1449 sit
233 1405 423 1462 legatur,
463 1409 537 1463 qui
567 1409 863 1450 coniunctivus
897 1408 951 1450 ad
980 1410 1061 1449 vim
1101 1408 1234 1450 futuri
1263 1406 1453 1458 accedit,
1489 1413 1607 1449 vetet
1637 1407 1818 1450 fortasse
1850 1408 1993 1463 potius
2024 1414 2112 1449 est:
2152 1421 2298 1463 quam-

148 1487 273 1529 quam
306 1476 447 1530 poetis
474 1476 517 1516 in
548 1475 630 1517 hoc
663 1490 817 1531 genere
849 1475 1009 1531 aliquid
1041 1476 1371 1531 permittendum
1402 1482 1474 1517 est.
1519 1475 1693 1526 Restat,
1724 1482 1771 1517 ut
1800 1474 1988 1517 breviter
2020 1473 2208 1516 dicamus
2241 1474 2298 1517 de

145 1543 355 1598 scriptura
385 1556 618 1598 paucorum
648 1542 856 1585 librorum
891 1543 1044 1594 celari,
1076 1558 1200 1599 quam
1220 1543 1464 1585 Huschkius
1483 1545 1633 1584 merito
1658 1544 1832 1598 respuit.
1865 1543 2102 1583 Iunxerunt
2125 1541 2298 1597 quidem

147 1616 314 1652 veteres
344 1612 514 1665 passivo
545 1609 669 1652 huius
698 1610 822 1652 verbi
851 1612 1155 1652 nominativum
1185 1613 1268 1660 rei,
1298 1610 1413 1652 velut
1444 1611 1593 1652 Horat.
1625 1609 1757 1651 Serm.
1787 1609 1839 1650 ΙΙ.
1869 1609 1914 1659 4,
1947 1609 2030 1650 11.:
2069 1615 2298 1665 praecepta

147 1690 314 1726 canam,
346 1675 556 1718 celabitur
586 1685 731 1727 autor,
763 1685 804 1720 et
835 1677 964 1720 ovid.
986 1679 1075 1720 Art.
1093 1680 1228 1720 Amat.
1247 1677 1299 1719 Il.
1329 1677 1446 1719 389.:
1477 1676 1553 1718 sed
1585 1677 1700 1718 furto
1732 1675 1896 1718 celetur
1926 1675 2050 1732 culpa
2078 1674 2296 1719 modesto:

148 1745 256 1787 Met.
292 1744 365 1786 ΠΙ.
408 1744 503 1786 552.
542 1759 635 1786 sors
675 1744 922 1801 querenda,
960 1759 1047 1787 non
1086 1744 1263 1787 celanda
1302 1744 1427 1787 foret.
1464 1743 1540 1786 sed
1585 1750 1786 1799 apparet,
1830 1750 1903 1785 aut
1945 1757 2034 1784 rem
2084 1757 2178 1784 esse
2224 1749 2298 1785 aut

147 1825 305 1853 nomen
335 1811 514 1853 hominis
544 1826 624 1867 pro
655 1827 702 1854 re
731 1815 935 1868 positum:
964 1812 1040 1854 ubi
1069 1827 1175 1854 vero
1205 1812 1356 1868 aliquis
1385 1814 1476 1867 ipse
1506 1811 1660 1852 dicitur
1688 1810 1836 1862 celari,
1863 1811 2001 1866 patrio
2017 1823 2211 1852 sermone
2230 1824 2298 1852 ex-

148 1878 389 1934 plicandum
423 1886 507 1930 est,
535 1879 618 1921 ihm
649 1879 758 1921 wird
784 1887 914 1922 etwas
943 1879 1204 1935 verborgen:
1235 1879 1354 1935 quod
1383 1879 1452 1920 hic
1478 1881 1669 1934 ineptum
1690 1878 1812 1920 foret.
1837 1903 1870 1908 -
1900 1893 1939 1920 v.
1960 1877 2028 1919 25.
2055 1877 2158 1935 Ipse
2187 1875 2298 1920 deus

150 1947 285 1987 tacito
315 1946 514 2001 permisit
543 1945 642 1988 lene
659 1949 859 1989 ministro
890 1945 1057 1989 Ederet
1081 1954 1130 1990 ut
1147 1947 1288 1989 multo
1312 1946 1449 1989 libera
1470 1945 1603 1988 verba
1621 1960 1756 1988 mero.
1786 1946 1843 1987 Et
1865 1945 1963 1987 lene
1986 1944 2102 1987 larva
2117 1947 2298 2001 scriptu-

148 2027 223 2056 rae
259 2019 340 2063 est,
370 2027 450 2054 nec
477 2015 606 2069 magis
635 2028 736 2055 sana
766 2022 864 2056 sunt
893 2013 984 2064 illa,
1015 2029 1125 2069 quae
1155 2013 1226 2056 alii
1256 2013 1355 2055 libri
1384 2012 1608 2069 praebent,
1637 2012 1750 2063 leve,
1780 2012 1901 2062 leva,
1927 2027 2045 2055 seva.
2091 2012 2214 2054 Lena
2245 2026 2297 2054 ex

150 2093 238 2120 uno
266 2078 378 2121 libro
408 2079 527 2121 Statii
556 2079 781 2123 dederunt.
825 2082 967 2136 Atque
999 2080 1188 2122 lenarum
1219 2082 1261 2122 in
1292 2080 1355 2122 his
1385 2079 1517 2122 rebus
1547 2080 1813 2135 frequentem
1845 2094 1966 2121 usum
1997 2079 2145 2129 fuisse,
2175 2079 2297 2135 Hey·

149 2149 245 2189 nius
283 2146 474 2188 affirmat.
511 2161 664 2204 nempe
704 2150 746 2189 in
787 2147 1063 2190 conciliandis
1097 2147 1332 2203 puellarum
1370 2147 1616 2189 amoribus:
1655 2161 1735 2188 nec
1763 2160 1866 2188 vero
1896 2147 1963 2188 hic
1993 2145 2155 2188 Tibulli
2190 2160 2299 2202 puer

150 2219 335 2255 scortum
359 2221 443 2265 est,
474 2214 612 2270 qualia
639 2217 682 2256 in
706 2214 884 2257 stabulis
909 2214 993 2257 illis
1011 2215 1280 2257 Petronianis
1298 2214 1556 2257 volutantur.
1587 2215 1810 2256 Dissenius
1835 2228 1880 2255 se
1903 2215 1959 2255 ait
1980 2215 2162 2264 nescire,
2192 2213 2297 2269 quid

149 2280 441 2336 impediverit,
480 2283 707 2337 quominus
741 2282 857 2324 dives
885 2290 1046 2324 amator
1075 2282 1129 2324 ad
1160 2281 1517 2338 corrumpendum
1547 2296 1725 2337 puerum
1762 2280 1883 2322 lenae
1921 2294 2050 2336 opera
2087 2287 2297 2323 uteretur.

151 2347 299 2389 Potuit
327 2363 429 2390 sane
457 2348 570 2391 ficri:
601 2348 676 2391 sed
706 2349 804 2391 inde
834 2364 922 2391 non
952 2352 1166 2405 sequitur,
1194 2357 1241 2391 ut
1267 2352 1325 2391 ita
1354 2350 1509 2391 factum
1529 2351 1593 2390 sit.
1632 2349 1708 2399 At,
1739 2349 1894 2403 inquit,
1925 2361 1973 2389 ex
1991 2346 2134 2389 verbis
2153 2346 2296 2390 multo

152 2429 274 2457 mero
304 2415 450 2471 colligi
479 2415 522 2458 id
552 2423 714 2472 potest:
747 2424 866 2458 erant
895 2419 1004 2459 enim
1033 2417 1154 2459 lenae
1181 2416 1365 2460 bibaces.
1396 2417 1533 2458 Recte
1552 2418 1662 2457 istuc
1682 2415 1864 2471 quidem.
1894 2416 2054 2456 Verum
2083 2414 2167 2456 hoc
2193 2413 2295 2456 loco

150 2482 314 2538 aliquid
354 2482 483 2525 debet
518 2483 709 2526 accidere
746 2491 916 2540 praeter
954 2486 1336 2540 exspectationem,
1374 2498 1461 2539 quo
1501 2490 1728 2539 appareat,
1766 2482 1891 2524 deum
1930 2484 2067 2537 ipsum
2106 2481 2296 2524 detectae

149 2549 313 2592 fraudis
344 2557 560 2592 auctorem
591 2551 735 2592 fuisse.
793 2552 1023 2593 Praeterea
1054 2554 1089 2593 si
1125 2551 1250 2593 lenae
1282 2554 1325 2592 in
1357 2551 1420 2592 his
1453 2552 1618 2606 flagitiis
1656 2549 1794 2606 aliqua
1831 2551 2050 2606 provincia
2086 2547 2296 2598 defertur,

152 2630 262 2671 quae
292 2623 434 2672 partes
463 2619 654 2659 ministro
684 2617 882 2660 relictae?
923 2618 1140 2670 Minister,
1170 2620 1307 2673 inquit
1335 2617 1588 2667 Dissenius‚
1623 2624 1686 2659 est
1715 2631 1882 2667 servus,
1917 2616 2008 2656 heri
2039 2628 2194 2656 comes.
2238 2615 2296 2658 At

149 2686 184 2724 is
212 2685 304 2739 ipse
334 2686 526 2726 minister
555 2684 638 2726 dici
665 2687 831 2740 nequit,
861 2687 941 2726 nisi
968 2685 1142 2727 domino
1173 2688 1217 2727 in
1249 2685 1390 2740 aliqua
1420 2699 1467 2726 re
1497 2684 1744 2726 instruenda
1777 2691 1819 2725 et
1849 2682 2092 2738 apparanda
2120 2689 2295 2737 praesto

153 2757 227 2792 est.
266 2750 386 2806 Quid
411 2753 538 2807 igitur
562 2752 662 2794 fecit
690 2755 825 2807 egitvc
853 2755 1006 2794 tacitus
1033 2755 1111 2795 iste
1131 2767 1300 2803 servus,
1329 2759 1378 2794 ut
1403 2754 1594 2794 minister
1611 2753 1862 2793 vocaretur?
1889 2749 2101 2805 Equidem
2118 2750 2293 2806 Heynio

151 2819 379 2868 assentior,
411 2833 506 2860 eum
531 2821 764 2862 ministrum
787 2819 996 2871 libidinis,
1027 2827 1330 2862 transactorem
1353 2819 1584 2862 foedissimi
1609 2820 1763 2860 amoris
1795 2831 1901 2859 esse.
1943 2818 2001 2859 At
2023 2818 2059 2858 si
2087 2815 2201 2858 idem
2229 2818 2298 2859 vir

149 2884 301 2926 doctus
332 2884 479 2927 lenam
509 2885 610 2928 dicit
625 2888 871 2928 ministram
892 2885 1099 2928 dominae
1128 2887 1279 2939 fuisse,
1309 2885 1663 2942 quemadmodum
1683 2892 1823 2942 partes
1840 2884 2029 2927 voluerit
2049 2882 2295 2926 distributas

149 2959 220 2993 aut
250 2951 375 3007 quale
405 2959 541 2994 totum
568 2953 650 2995 hoc
678 2955 894 3009 negotium
924 2954 1054 2996 fuisse
1081 2954 1331 3005 crediderit,
1361 2968 1449 2996 non
1473 2952 1676 3009 intelligo.
1729 2952 1924 3004 Accedit,
1954 2950 2073 3007 quod
2092 2951 2293 2992 ministro
