2462 3112
1116 93 1266 134 XXIII
2275 134 2298 159 ἱ

103 220 304 280 ,palmaris
340 226 485 264 meam
517 216 703 276 probata
743 222 808 260 est
833 214 1081 268 Huschkio‚
1122 214 1419 266 Lachmanno,
1460 210 1676 270 Dissenio.
1737 208 1934 254 Clamant
1964 221 2032 258 ea,
2069 217 2180 262 quae
2209 216 2276 246 se-

79 274 670 348 ,.quuntur;'Wunderlichii
693 284 972 341 pertinaciam
997 284 1097 326 satis
1128 281 1324 325 contudit
1343 281 1589 324 Dissenius:
1619 293 1690 323 res
1721 285 1817 323 acta
1846 283 1921 320 est.
1958 276 2077 318 Dein
2097 271 2281 316 offendit

107 363 155 401 et
179 356 429 413 repetitum:
457 367 548 397 non
567 353 664 399 tulit
685 351 894 409 Scaliger,
926 350 1004 394 sed
1031 351 1085 394 de
1114 352 1363 393 coniectura
1398 349 1517 392 dedit
1546 355 1591 393 et
1618 346 1759 406 pudet
1787 345 1874 389 heu
1902 350 2078 388 narrat.
2114 340 2282 384 Placuit

98 423 153 472 ‚id
181 424 378 480 Heynio:
409 421 627 478 displicuit
656 420 770 472 aliis,
803 419 962 477 quibus
994 434 1074 477 ego
1096 420 1332 463 consentio.
1379 419 1458 462 Est
1482 419 1594 461 enim
1621 417 1859 460 interiectio
1890 415 2041 471 iniquo
2070 410 2171 454 loco
2201 422 2282 466 po·

39 527 51 532 -
107 494 200 537 sita.
231 490 506 535 Huschkius
545 490 599 533 ad
635 488 888 531 firmandam
926 489 1181 545 scripturam
1208 487 1421 544 vulgatam
1438 492 1671 544 ,comparat
1702 483 1832 528 Ovid.
1853 498 1954 526 rem.
1976 483 2071 524 Am.
2093 478 2191 521 407.
2236 481 2282 519 et

106 558 248 619 pudet
274 565 322 603 et
349 557 507 603 dicam.
565 557 713 602 Addas
753 557 857 600 licet
886 558 1061 600 Metam.
1087 557 1206 600 XIV.
1234 557 1331 599 279.
1389 562 1436 599 et
1471 554 1612 613 pudet
1646 560 1692 598 et
1721 551 1940 608 referam3
1976 549 2054 593 sed
2084 546 2190 605 quid
2218 544 2284 587 his

106 629 216 675 locis
241 627 495 686 proficitur?
524 641 620 670 non
646 626 766 684 plus,
805 641 932 683 quam
962 625 1060 678 illo,
1099 627 1174 682 qui
1203 631 1268 669 est
1297 623 1479 668 Heroid.
1511 639 1577 682 ep.
1598 625 1656 665 V.
1679 623 1776 664 155.
1825 627 1870 664 et
1897 626 2030 678 potes
2055 623 2101 660 et
2130 615 2284 657 merui.
2339 667 2343 670 Δ

109 696 235 742 Nihil
265 698 377 741 enim
405 696 602 754 prodest,
632 705 701 738 res
730 696 844 739 inter
872 709 919 738 se
949 693 1245 741 dissimillimas
1283 707 1560 751 componere.
1621 691 1824 748 Gruppio
1856 691 1901 731 in
1930 693 2115 730 ment-em
2144 683 2283 734 venit,

67 759 75 769 ’
99 771 175 818 et,
201 763 361 824 pudet,
391 770 601 808 enarrat:
630 764 676 806 in
704 777 831 820 quam
861 764 1147 806 coniecturam
1180 770 1222 806 et
1250 763 1343 819 ipse
1374 761 1594 819 quondam
1622 758 1876 810 incideram,
1905 755 1982 799 sed
2009 760 2162 811 postea
2193 763 2286 793 eam

113 832 273 886 abieci,
302 835 405 891 quia
431 832 556 876 verbi
584 846 804 876 enarrare
832 833 895 874 vis
924 833 1101 889 propria
1127 831 1228 874 huic
1255 831 1356 874 loco
1384 844 1536 888 parum
1563 826 1841 871 accomodata
1873 830 1948 867 est.
2004 822 2052 864 Si
2082 817 2286 896 Tibullus

112 903 300 960 scripsit,
328 908 374 946 et
393 900 535 959 pudet
556 907 602 945 et
621 907 802 952 narrat,
830 901 1013 956 repetita
1039 900 1251 959 particula
1273 907 1319 944 et
1339 899 1656 943 cunctationem
1678 910 1797 939 suam
1825 900 1867 936 et
1893 891 2213 935 haesitationem
2242 899 2289 928 m

111 969 350 1015 referendis
379 970 444 1012 his
472 971 594 1022 istius
623 969 804 1025 feminae
825 968 1064 1012 maledictis
1090 969 1322 1027 significari
1341 967 1492 1012 voluit.
1536 968 1702 1010 Verum
1724 979 1820 1007 cum
1840 960 2068 1006 considero
2092 965 2135 1001 et
2153 953 2289 998 verba

113 1037 275 1082 mulier·
304 1035 538 1081 discedens
566 1051 636 1079 me
670 1035 884 1080 devotum
921 1035 1036 1081 dixit
1073 1044 1115 1081 et
1151 1040 1411 1095 aequitatem
1443 1037 1591 1089 animi,
1621 1050 1717 1093 qua
1748 1039 1881 1092 poeta
1910 1032 1986 1074 has
2020 1027 2289 1085 suspiciones

114 1106 291 1160 refellit,
319 1105 584 1164 persuadere
607 1106 710 1148 mihi
730 1120 820 1149 non
849 1121 1044 1163 possum,
1073 1107 1179 1150 nihil
1209 1122 1304 1151 esse
1337 1108 1423 1150 hoc
1450 1106 1573 1159 loco,
1603 1103 1725 1162 quod
1753 1116 1846 1147 non
1874 1114 2026 1144 sanum
2055 1099 2120 1140 sit.
2159 1095 2290 1163 >Nam

114 1177 161 1220 iu
185 1175 268 1219 illis
295 1174 441 1219 verbis
469 1180 520 1224 eti
541 1173 683 1232 pudet
703 1181 750 1218 et
769 1174 990 1228 referam,
1018 1182 1065 1216 et
1085 1175 1228 1230 pudet
1247 1183 1293 1216 et
1315 1175 1462 1216 dicam.
1491 1174 1642 1217 eadem
1666 1186 1854 1232 persona
1879 1169 2121 1213 obtinetur:
2149 1161 2293 1222 pudet

102 1245 227 1290 -enim
255 1242 460 1295 eundem,
497 1243 574 1299 qui
600 1241 766 1296 refert,
802 1239 924 1284 dicit.
961 1249 1004 1284 at
1039 1242 1124 1284 hoc
1159 1241 1260 1284 loco
1290 1240 1429 1297 pudet
1464 1248 1659 1298 poetam,
1696 1247 1842 1282 narrat
1869 1237 2037 1281 mulier.
2093 1234 2151 1276 Et
2179 1244 2290 1290 quae

114 1311 308 1364 tandem,
350 1324 536 1368 quaeso,
575 1325 703 1353 causa
740 1309 949 1366 pudoris?
995 1311 1116 1352 istius
1154 1309 1336 1352 feminae
1372 1309 1510 1352 verba
1537 1309 1814 1352 *stomachum
1851 1306 1925 1349 vel
1965 1307 2095 1348 risum
2132 1307 2290 1360 poetae

115 1395 290 1424 movere
318 1386 539 1438 poterant,
567 1378 782 1436 pudorem
809 1379 986 1422 iniicere
1017 1393 1109 1422 non
1142 1384 1354 1436 poterant.
1405 1379 1522 1421 Nam
1550 1380 1618 1420 vir
1648 1385 1738 1421 erat
1769 1384 1812 1420 et
1839 1375 2029 1434 puellam
2057 1387 2139 1431 pro
2170 1375 2292 1414 certo

113 1451 241 1493 scivit
272 1464 414 1506 sagam
440 1463 530 1491 non
562 1463 667 1492 esse.
725 1448 824 1504 Ipse
854 1447 965 1491 ordo
993 1447 1229 1490 verborum
1258 1448 1359 1490 voci
1385 1445 1528 1505 pudet
1556 1461 1647 1490 non
1677 1443 1938 1503 magnopere
1967 1444 2096 1487 favet.
2147 1438 2293 1496 Quid?

105 1519 152 1562 ⁴si
181 1518 384 1575 scriptum
412 1523 522 1560 erat:
554 1516 610 1558 Et
639 1522 761 1572 putet
791 1523 833 1558 et
856 1521 1020 1567 narret,
1050 1517 1161 1558 scire
1189 1514 1377 1559 nefanda
1403 1514 1706 1558 meamzzUnd
1732 1514 1788 1558 da
1817 1520 1977 1557 nannte
2006 1512 2122 1555 heim
2149 1509 2293 1564 Weg-

118 1586 258 1644 gehen
288 1585 364 1628 das
382 1583 534 1628 -Weib
564 1584 675 1627 mich
703 1585 831 1626 einen
860 1579 1095 1627 beherten:
1124 1583 1215 1627 und
1236 1583 1329 1640 mag
1349 1598 1439 1626 nun
1461 1582 1647 1640 glauben
1670 1582 1761 1626 und
1783 1582 2005 1633 erzahlen,
2034 1580 2148 1622 mein
2166 1576 2296 1620 Mad-
2318 1585 2321 1589 “

118 1654 228 1698 chen
254 1651 487 1696 versttinde
517 1651 609 1694 sich
643 1651 720 1693 auf
745 1650 1088 1694 Zauberkiinste.
1148 1651 1264 1693 Huic
1291 1652 1574 1694 criminationi
1603 1665 1836 1694 occurrens
1866 1649 2003 1692 addit:
2037 1646 2152 1693 Non
2169 1645 2296 1701 facit

118 1721 226 1767 hoc:
254 1720 452 1777 intelligis
481 1726 620 1762 autem
651 1733 749 1761 eum
779 1718 1044 1770 concedere,
1073 1717 1246 1761 Deliam
1277 1732 1391 1771 esse,
1422 1714 1538 1776 quae
1564 1721 1702 1778 possit
1728 1719 1915 1777 aliquem
1943 1719 2180 1769 devovere,
2213 1728 2298 1758 nec

119 1797 262 1835 tamen
296 1787 342 1831 id
378 1787 522 1830 facere
551 1785 828 1839 carminibus,
866 1787 945 1830 sed
974 1794 1212 1849 venustate.
1271 1786 1431 1840 Vides,
1470 1804 1597 1846 quam
1627 1789 1732 1833 haec
1761 1790 1847 1832 sint
1877 1795 1920 1831 et
1948 1801 2094 1830 rerum
2124 1791 2167 1828 et
2199 1798 2297 1827 ora-

112 1859 250 1902 ,tionis
286 1855 545 1913 simplicitati
582 1863 872 1899 consentanea
916 1857 1070 1899 omnia.
1096 1879 1155 1887 -
1211 1870 1252 1898 v.
1288 1856 1360 1900 ⁷42.
1420 1857 1470 1899 In
1500 1859 1649 1914 paucis
1686 1857 1808 1900 libris
1845 1871 1927 1914 pro
1955 1854 2102 1899 verbis
2139 1853 2297 1910 legitur

122 1923 290 1968 herbis:
328 1937 439 1980 quae
480 1924 690 1980 scriptura
725 1924 819 1980 ipsa
857 1937 938 1980 per
975 1939 1022 1967 se
1056 1923 1197 1982 proba
1233 1930 1317 1967 est:
1353 1933 1632 1968 veruntamen
1661 1925 1790 1969 altera
1825 1931 2026 1982 praestat.
2084 1923 2222 1975 Nam,
2246 1927 2298 1964 ut

121 1999 242 2037 recte
271 1992 496 2035 Dissenius
531 1992 718 2043 monuit,
756 1999 937 2034 venuste
970 1999 1253 2049 opponuntur
1286 1992 1425 2037 verba
1451 1993 1657 2048 formae.
1717 1994 1902 2038 Ovidius
1939 2000 2168 2049 utramque
2204 2004 2295 2034 rem

122 2060 260 2104 iunxit
284 2059 450 2103 dicens:
480 2073 578 2101 nam
599 2059 756 2102 misero
788 2073 958 2102 carmen
987 2067 1031 2102 et
1060 2060 1196 2104 herba
1225 2069 1397 2119 nocent.
1442 2062 1665 2120 Scriptura
1693 2065 1796 2107 non'
1805 2062 1933 2118 facit
1961 2061 2074 2105 haec
2104 2060 2297 2103 deterior

125 2135 202 2175 est.
231 2128 347 2176 Nam
367 2126 424 2170 ad
444 2126 578 2170 verba
597 2129 713 2170 scire
733 2126 940 2182 nefanda
959 2127 1064 2171 nibil
1092 2130 1174 2172 iam
1196 2129 1299 2174 licet
1321 2131 1513 2174 animum
1542 2130 1782 2175 attendere:
1813 2145 1924 2188 quae
1953 2129 2088 2173 verba
2118 2129 2295 2172 omnino

121 2197 246 2255 quasi
272 2195 323 2240 ἐκ
350 2194 636 2251 παραλλήλου
657 2197 798 2253 posita
827 2203 927 2259 sunt
957 2197 1322 2255 explicandaeque
1346 2201 1446 2243 voci
1477 2198 1691 2243 devotum
1720 2201 1932 2251 serviunt,
1962 2199 2007 2242 in
2028 2212 2112 2255 qua
2132 2211 2295 2240 summa

121 2265 333 2311 sententia
360 2263 502 2321 posita
543 2271 617 2307 est.
666 2264 879 2321 Denique
914 2267 1031 2308 nivei
1066 2265 1218 2309 lacerti
1247 2291 1302 2300 —
1341 2273 1406 2310 est
1435 2269 1546 2310 enim
1575 2270 1714 2312 niveis
1742 2269 1860 2310 varia
1889 2257 2109 2324 scriptura*
2126 2289 2185 2297 —
2215 2267 2296 2308 etsi

122 2347 227 2391 prae
255 2334 423 2376 teneris
451 2331 620 2376 lacertis
649 2347 740 2377 non
769 2333 1005 2390 spernendi
1030 2341 1149 2386 sunt,
1179 2341 1323 2378 tamen
1356 2337 1592 2393 scripturae
1620 2339 1787 2381 teneris
1815 2338 1952 2379 maior
1981 2336 2208 2378 auctoritas
2233 2340 2297 2377 est

109 2416 222 2457 ¹eum
250 2415 275 2444 a
302 2400 424 2444 libris
453 2408 544 2445 tum
573 2400 627 2445 ab
658 2402 750 2445 aliis
781 2402 947 2446 Tibulli
973 2402 1081 2446 locis
1111 2403 1222 2458 (vid.
1243 2405 1388 2461 Heyn.
1411 2405 1466 2448 ad
1488 2406 1528 2449 h.
1549 2405 1606 2461 l.)
1638 2430 1693 2438 —
1741 2420 1782 2449 v.
1811 2407 1879 2448 45.
1932 2405 2055 2448 Talis
2086 2403 2149 2447 ad
2175 2402 2298 2450 Hae.-

122 2471 321 2514 mnium
338 2468 505 2513 Nereis
524 2469 663 2515 Pelea
689 2469 919 2529 quondam
940 2478 1070 2516 vecta
1099 2479 1167 2516 est
1186 2472 1384 2526 frenato
1406 2474 1590 2518 caerula
1616 2477 1739 2533 pisce
1763 2473 1925 2519 Thetis.
1956 2474 2084 2518 Haec
2102 2487 2297 2516 nocuere

112 2536 250 2591 jmihi,
288 2536 414 2596 qu'od
440 2536 572 2586 adest
596 2545 683 2582 cet.
740 2538 987 2597 Abruptum
1018 2555 1152 2597 genus
1180 2544 1406 2586 sermonis!
1442 2557 1531 2600 quo
1564 2541 1790 2600 Gruppius
1815 2550 1899 2586 tam
1927 2542 2204 2586 vehementer
2233 2541 2299 2585 of-

95 2638 102 2641 »
123 2605 271 2653 sensus
302 2612 386 2658 est,
411 2613 461 2649 ut
483 2613 621 2649 totum
642 2606 727 2650 hoc
747 2607 958 2651 distichon
989 2609 1266 2666 proturbaret
1295 2610 1424 2665 (vide
1445 2614 1536 2654 eius
1565 2611 2052 2669 librumelegantissime
2075 2612 2298 2668 scriptum,

126 2675 197 2719 oui
223 2673 371 2717 titulus
402 2681 465 2717 est
494 2693 518 2713 n
530 2674 602 2718 die
623 2676 879 2719 Roemische
899 2677 1084 2734 Elegie«
1115 2679 1238 2722 Tom.
1255 2678 1286 2722 1.
1307 2694 1348 2736 p.
1365 2680 1494 2734 192).
1534 2681 1605 2724 De
1633 2680 1779 2724 verbis·
1807 2680 2175 2738 subsequentibus
2205 2682 2298 2737 opi-

126 2739 279 2784 niones
295 2741 490 2784 virorum
513 2741 739 2786 doctorum
769 2743 1023 2802 discrepant.
1073 2746 1159 2790 Alii
1190 2749 1302 2790 enim
1325 2746 1438 2793 haec
1464 2757 1669 2792 revocant
1689 2750 1743 2793 ad
1766 2765 1837 2803 ea,
1868 2764 1978 2807 quae
1997 2748 2145 2807 paullo
2165 2763 2297 2806 supra

129 2806 336 2864 explicata
362 2816 463 2853 sunt
492 2811 589 2864 (vv,
611 2811 668 2854 43
688 2818 730 2855 et
751 2812 859 2866 44):
889 2813 962 2856 alii
993 2822 1143 2858 contra
1172 2816 1353 2872 iungunt
1377 2831 1472 2860 cum
1501 2819 1574 2870 iis,
1604 2832 1715 2875 quae
1733 2825 1994 2875 sequuntur:
2024 2817 2149 2876 quod
2168 2816 2298 2862 adest

124 2873 251 2922 diva
278 2882 479 2919 amator:
513 2877 650 2922 Venit
672 2881 720 2922 in
738 2882 926 2924 exitium>
944 2889 1026 2927 cet.
1070 2884 1136 2926 Ac
1156 2883 1405 2929 Huschkius
1435 2885 1610 2943 quidem
1632 2889 1816 2944 .vestigia
1836 2885 2146 2940 Brouckhusii,
2176 2887 2297 2931 cuius

123 2945 520 3002 interpretationem
550 2947 596 2992 in
629 2946 800 2997 coelum
830 2948 935 3003 fert,
974 2949 1289 3007 religiosissime
1316 2961 1510 3009 secutus,
1544 2962 1771 3015 postquam
1801 2955 1950 3001 docuit
1978 2970 2144 3002 nocere
2172 2957 2218 3002 in
2246 2971 2294 3001 re
