2462 3112
1189 91 1334 131 XXVI

189 209 319 251 amari
337 207 468 259 malit,
496 212 625 264 'quam
647 205 817 258 donari,
844 206 938 250 fore
966 207 1102 260 videt,
1129 215 1177 251 ut
1206 209 1327 252 dives
1357 215 1520 253 amator
1546 209 1652 253 nihil
1678 210 1856 268 amplius
1885 211 2043 264 valeat,
2072 213 2155 258 sed·
2177 216 2343 274 ium

156 322 164 330 ,
190 289 332 317 amore
365 280 573 331 praestet,
605 289 790 330 pauper:
833 276 903 318 cui
934 282 1093 331 quanta
1124 278 1178 318 sit
1207 276 1312 319 fidei
1346 284 1387 320 et
1419 277 1553 320 officii
1586 279 1918 333 commendatio,
1957 281 2152 325 versibus
2188 281 2345 328 subto-⁴

188 341 421 399 quentibus
451 344 676 410 exponitur
703 341 782 395 (cf.
801 341 932 385 Ovid.
947 343 1039 385 Am.
1057 343 1088 386 1.
1106 345 1171 396 10,
1189 345 1283 398 57).
1317 344 1529 402 Ambigue
1556 345 1716 389 dictum
1738 361 1849 398 esse,
1879 350 2021 391 omnis
2048 363 2179 393 amor
2202 334 2343 395 oindae

190 417 266 453 tur
291 412 437 467 negari
462 412 630 466 nequit:
659 409 759 452 inde
787 410 868 452 hae
899 410 1197 462 dissensiones.
1227 436 1283 444 —
1322 427 1361 455 v.
1387 413 1455 455 61.
1490 427 1664 470 pauper
1691 416 1780 457 erit
1802 422 2006 472 praesto,
2033 416 2110 460 tibi
2132 403 2342 475 praesto,

187 492 362 535 pauper
388 477 526 521 adibit
551 477 739 520 Primus.
785 478 907 520 Haec
937 485 1001 520 est
1030 482 1239 536 scriptura
1268 479 1458 536 vulgata:
1487 483 1532 523 in
1561 496 1646 537 qua
1674 484 1821 524 vitium
1850 484 1990 526 inesse
2017 487 2098 531 viri
2128 485 2247 529 docti
2271 487 2340 529 ‘vi-

190 545 361 589 derunt.
419 546 534 588 Nam
559 552 744 602 praesto
772 561 946 603 pauper
974 545 1112 589 adibit
1141 547 1226 589 dici
1254 549 1424 603 nequit:
1457 548 1651 604 prolepsi
1679 556 1820 592 autem
1847 550 1953 592 nihil
1980 550 2066 594 loci
2094 559 2168 596 est.
2204 552 2371 609 Quod*

190 613 435 656 Huschkius
464 615 643 666 invenit,
679 620 884 670 praesto,
907 614 1215 671 'praestolans
1240 629 1414 671 pauper
1449 614 1605 668 adibit,
1645 628 1738 658 non
1769 624 1849 669 est,
1889 627 1966 660 cur
1995 620 2035 660 ei
2062 615 2346 665 invideamus

189 682 294 725 Duo
325 689 424 725 sunt
452 681 637 738 reliqua,
667 696 717 723 ex
746 681 903 737 quibus
935 681 1110 738 deligas,
1146 689 1287 725 utrum
1315 682 1395 725 tibi
1423 682 1649 740 placuerita
1702 682 1894 726 Alterum
1922 683 2078 740 legitur
2105 687 2150 728 in
2178 685 2343 733 Mureti

191 749 382 807 exemplo
393 752 412 791 i
433 764 600 806 pauper
629 751 708 792 erit
735 756 907 805 praesto
938 764 1105 806 semper
1133 750 1229 802 tibi,
1266 765 1429 807 pauper
1457 749 1592 793 adibit
1620 750 1806 792 Primus:
1838 750 2019 793 alterum
2047 753 2092 795 in
2119 753 2345 809 Excerptiz

191 819 413 876 Scaligeri:
451 833 616 876 pauper
649 821 727 861 erit
755 825 925 874 praesto
956 833 1143 875 semper,
1175 826 1218 861 te
1251 834 1414 875 pauper
1443 818 1587 861 adibit.
1643 818 1806 862 Mureti
1828 818 2178 868 emendationem
2205 821 2345 866 secuti

190 894 290 930 sunt
316 903 411 930 cum
439 887 527 938 alii,
556 895 644 930 tum
668 887 906 929 Dissenius.
944 887 993 928 In
1023 886 1156 928 altera
1184 889 1394 943 scriptura
1423 893 1467 929 te
1487 901 1586 935 ¹non
1610 886 1720 929 adeo
1752 886 1959 943 displicet.
1990 888 2104 930 Nam
2134 889 2214 931 etsi
2238 901 2342 946 pro·

189 970 349 1000 nomen
369 970 458 998 non
482 957 723 998 necessario
752 956 1001 1011 requiritur,
1031 960 1172 996 tamen
1200 969 1297 996 cum
1322 969 1495 1012 pauper
1525 961 1567 997 et
1592 954 1744 1012 puella
1774 955 1857 997 hoc
1885 955 1985 998 loco
2012 957 2167 1012 primas
2190 962 2340 1013 «agant,

189 1038 280 1067 non
308 1023 603 1080 imprudenter
632 1025 816 1079 positum
847 1022 980 1074 dices,
1018 1036 1113 1063 cum
1142 1025 1393 1078 praesertim
1422 1025 1466 1064 in
1495 1024 1546 1065 iis
1556 1055 1567 1074 ,
1606 1037 1717 1079 quae
1746 1030 2004 1079 sequuntur,
2034 1029 2079 1066 et
2106 1024 2153 1066 in
2177 1029 2345 1068 tenero-

105 1103 108 1107 ·
181 1091 314 1148 fixus
343 1094 429 1135 erit
457 1092 600 1134 latere
629 1093 829 1133 omissum
859 1092 913 1132 sit
941 1103 1184 1146 pronomen
1213 1096 1305 1132 tuo.
1362 1089 1576 1145 Equidem
1603 1089 1769 1131 mallem
1802 1092 2026 1145 scriptum:
2063 1089 2235 1147 Pauper
2265 1090 2347 1138 wit
2410 1121 2416 1124 -

191 1174 357 1216 semper
391 1166 566 1216 praesto
602 1158 700 1211 tibi,
739 1173 907 1214 semper
942 1157 1076 1201 adibit
1105 1159 1284 1200 Primus.
1342 1157 1457 1200 Nam
1491 1172 1578 1205 ‚vox
1611 1172 1784 1216 pauper
1820 1160 1866 1201 in
1902 1160 2028 1200 trium
2067 1157 2346 1206 distichorum

189 1231 312 1272 initio
353 1229 563 1272 collocata
600 1228 654 1271 ad
691 1228 943 1285 explendam
978 1229 1063 1269 vim
1100 1226 1344 1282 anaphorae
1383 1225 1553 1269 sufficit.
1617 1227 1861 1271 Memoratu
1887 1225 2033 1282 >digna
2061 1232 2133 1268 est
2156 1227 2340 1273 varietas

191 1299 448 1353 scripturae:
477 1304 523 1340 et
550 1299 597 1339 in
626 1295 741 1339 duro
771 1297 917 1340 limine
935 1294 1067 1350 fixus
1095 1296 1199 1338 erit:
1229 1295 1426 1351 Heynius
1456 1297 1674 1351 opinatur,
1704 1295 1819 1336 hunc
1847 1308 2014 1338 versum
2042 1307 2134 1337 esse
2161 1306 2186 1335 a
2213 1307 2344 1339 manu

192 1364 391 1417 alicuius,
429 1366 503 1421 qui
533 1370 846 1420 pentametrum
875 1363 1101 1420 trisyllabo
1137 1362 1280 1405 claudi
1311 1362 1508 1406 noluerit.
1566 1363 1685 1405 Haec
1718 1363 1881 1419 Heynii
1916 1363 2062 1418 opinio
2097 1375 2248 1417 parum
2268 1366 2346 1404 est

190 1431 449 1491 probabilis:
480 1431 689 1475 eiusmodi
718 1446 787 1474 res
815 1430 1006 1474 tenebris
1036 1430 1315 1473 circumfusae
1345 1437 1462 1482 sunt,
1492 1445 1586 1489 nec¹
1605 1432 1711 1472 certi
1741 1430 1974 1486 quidquam
2006 1429 2157 1486 dispici
2184 1433 2345 1485 potest.

191 1501 394 1544 Fortasse
433 1499 617 1556 aliquem
651 1499 818 1562 locutio
847 1501 894 1541 in
924 1499 1066 1540 latere
1083 1497 1216 1551 fixus
1245 1499 1330 1539 erit
1363 1498 1615 1538 offenderat.
1672 1497 1737 1536 Ac
1762 1496 1871 1536 solet
1903 1511 2006 1538 sane
2023 1509 2059 1536 ‘a
2087 1494 2226 1551 poetis
2244 1486 2354 1546 'fere-

193 1569 361 1613 dativus
380 1570 527 1624 iungi:
562 1566 681 1609 velut
710 1565 843 1608 lateri
862 1563 1016 1620 fixum
1044 1578 1152 1607 esse.
1198 1564 1434 1619 reperimus
1460 1561 1647 1606 dietum:
1685 1561 1818 1603 lateri
1848 1563 2047 1604 iunctum
2076 1568 2212 1618 atque
2233 1561 2347 1611 Ime-

195 1643 384 1688 rentem,
415 1636 548 1678 lateri
564 1633 718 1690 fixum
747 1632 1013 1682 adhaerere,
1045 1629 1108 1674 ad
1136 1630 1255 1672 latus
1284 1644 1392 1672 esse.
1423 1627 1539 1670 aliud
1568 1633 1650 1679 est,
1679 1626 1812 1683 figere
1841 1627 2001 1683 aliquid
2028 1629 2074 1671 in
2104 1627 2248 1684 aliqua
2274 1641 2347 1689 re,⁸

195 1711 245 1748 ut
273 1704 498 1747 oculos-in
527 1703 668 1754 vultu,
698 1701 908 1758 spiculum
936 1703 981 1743 in
1008 1699 1151 1741 latere.
1187 1699 1240 1732 —‘
1279 1713 1324 1744 γ.
1354 1697 1422 1740 65.
1464 1709 1637 1752 pauper
1666 1693 1728 1737 ad
1756 1694 1971 1738 occulto-52.
2008 1694 2347 1744 Frustrah‘aesit

196 1773 414 1829 Heynius:
448 1786 537 1813 rem
566 1769 927 1812 Wunderlichius
958 1774 1001 1810 et
1029 1767 1254 1809 Dissenius
1286 1765 1565 1808 illustrarunt.
1623 1754 1823 1805 Tibullus
1853 1777 1899 1805 se
1928 1762 2029 1805 dicit
2057 1761 2350 1814 deducturum

195 1840 381 1898 puellam
404 1839 458 1882 ad
480 1833 628 1881 coetus
649 1840 900 1887 amicorum,
926 1837 999 1893 qui
1021 1834 1191 1878 occulto
1215 1835 1291 1887 (so
1312 1847 1418 1890 ganz
1438 1830 1660 1883 heimlich)
1683 1832 1879 1873 convivia
1901 1832 2014 1873 inter
2031 1832 2238 1881 iocumjet
2255 1830 2349 1877 lae·

195 1909 327 1952 titiam
358 1906 673 1950 concelebrent.
708 1906 827 1948 Num
846 1904 1095 1962 yeroamici
1114 1901 1288 1952 Deliae,
1314 1915 1368 1943 an
1391 1892 1552 1956 poetae
1578 1897 1841 1954 intelligendi
1869 1900 1970 1948 sint,
1999 1911 2089 1950 non
2115 1897 2262 1954 liquet.
2289 1918 2345 1933 --

197 1991 238 2019 v.
266 1977 334 2018 69.
387 1976 510 2018 Haec
539 1975 777 2030 comparari
805 1972 1083 2030 possuntiis,
1112 1984 1224 2027 quae
1252 1968 1452 2025 leguntur
1480 1965 1596 2023 apud
1621 1965 1808 2021 Alciphr.
1829 1966 1860 2007 I.
1882 1979 1949 2021 ep.
1969 1965 2039 2008 35.
2067 1970 2346 2020 διηγοῦ-νῦν

198 2042 286 2100 μὲν
300 2038 643 2098 *managam-§pote
669 2039 818 2095 ἧμῶν,
850 2039 937 2083 οὐκ
964 2038 1021 2088 εἷς
1049 2035 1235 2094 μακράν
1263 2035 1306 2079 <51¹2
1312 2034 1416 2087 ,ἄν
1442 2033 1576 2090 (ἕσπερ
1604 2032 1732 2089 ’ἡμεῖς
1758 2026 1941 2086 ἒόςὼσιν,
1969 2031 2295 2095 ᾄνιασοιιιένοις.

269 2111 404 2167 ,ΕΙεῐις
425 2110 502 2152 Vl.
525 2125 567 2151 zv,
586 2109 626 2151 3.
685 2106 921 2164 Quidtibi
959 2107 1161 2148 saevitiae
1197 2118 1363 2149 mecum
1401 2105 1490 2145 est?
1528 2096 1583 2145 an
1619 2097 1754 2159 gloria
1790 2116 1940 2158 magna
1979 2107 2055 2144 est.
2112 2100 2178 2147 Ita
2209 2088 2347 2157 Igaehss

199 2193 379 2221 mannus
409 2192 459 2221 ex
484 2176 604 2220 libris
633 2177 840 2226 restituit,
870 2188 1052 2230 eumque
1083 2179 1252 2216 secutus
1283 2178 1346 2214 est
1365 2170 1604 2213 Dissenius.
1643 2168 1965 2213 Brouckhusius
1995 2173 2136 2229 tamen
2153 2173 2203 2210 et
2225 2168 2346 2224 Heyn

200 2249 297 2290 nius
323 2247 499 2289 Mureto
528 2244 766 2300 suffragati,
801 2257 933 2285 saeve
959 2256 1073 2299 puer
1100 2245 1406 2297 reposuerunt,
1443 2253 1695 2295 quamquam
1730 2243 1884 2292 neuter
1920 2250 2068 2280 eorum
2096 2237 2348 2293 scripturam

200 2314 413 2371 vulgatam
443 2313 623 2357 damnat.
683 2311 867 2355 Constat
895 2317 1034 2351 autem
1063 2311 1175 2351 inter
1211 2321 1378 2359 omneS,
1417 2305 1626 2348 locutioni
1659 2304 1768 2363 ‘quid
1804 2304 1880 2350 tibi
1916 2318 2087 2347 mecum
2120 2309 2189 2347 est
2222 2302 2350 2357 aliam

201 2376 378 2425 subesse
410 2382 676 2430 sententiam.
728 2378 958 2420 ‹Dissenius
990 2377 1163 2433 quidem
1191 2381 1358 2426 censet,
1393 2372 1501 2431 quid
1527 2373 1605 2417 tibi
1628 2375 1840 2416 saevitiae
1867 2385 2038 2415 mecum
2065 2377 2163 2429 est,
2188 2369 2354 2427 dictum

204 2464 296 2494 esse
333 2449 388 2503 ad
424 2447 741 2491 similitudinem
778 2446 1007 2488 locutionis
1030 2443 1153 2503 ‚quid
1184 2442 1261 2485 tibi
1293 2444 1359 2485 rei
1390 2440 1462 2483 vel
1498 2443 1748 2489 commercii
1775 2453 1945 2482 mecum
1972 2444 2053 2485 est.
2109 2439 2169 2481 At
2194 2439 2239 2493 iu
2265 2437 2348 2495 hac

203 2517 436 2561 verborum
466 2515 739 2558 similitudine
767 2521 903 2566 tanta,
942 2519 1101 2569 quanta
1129 2512 1212 2554 hoc
1239 2509 1339 2552 loco
1371 2511 1577 2561 cernitur,
1615 2510 1849 2551 sententiae
1878 2505 2175 2552 dissimilitudo
2203 2507 2346 2549 inem

203 2588 272 2630 vix
300 2592 453 2643 potest.¹
511 2583 646 2639 Quod
674 2583 871 2625 Muretus
901 2580 1151 2636 divulgavit,
1187 2584 1334 2620 natum
1360 2576 1533 2621 videtur
1562 2575 1968 2620 emendationez‘iu
1989 2571 2109 2618 libris
2137 2570 2262 2618 nulla.
2283 2577 2350 2615 est

204 2655 438 2710 scripturae
466 2654 665 2702 varietas,
701 2652 783 2692 nisi
813 2648 931 2706 quod
961 2662 1041 2705 pro
1071 2661 1240 2689 mecum
1266 2650 1336 2688 est
1363 2646 1566 2700 scriptum
1594 2644 1806 2698 reperitur
1833 2647 1902 2684 est
1926 2653 2107 2683 mecum.
2153 2637 2232 2680 sed
2262 2636 2353 2690 sac,-

207 2735 300 2765 esse
337 2722 587 2763 sententiam
622 2719 776 2762 horum
810 2716 1042 2760 verborum
1072 2728 1195 2756 »was
1222 2710 1372 2755 treibst
1401 2710 1461 2753 du
1485 2711 1562 2752 mit
1592 2711 1672 2751 mir
1699 2708 1770 2750 fiir
1800 2709 1870 2750 ein
1897 2718 2135 2764 grausames
2165 2702 2348 2760 SpieH«

206 2802 358 2847 parum
386 2795 526 2830 tamen
555 2786 620 2829 his
647 2791 936 2828 consentanea
957 2788 1074 2834 sunt,
1103 2794 1215 2837 quae
1235 2785 1493 2835 sequuntur,
1522 2792 1583 2819 an
1602 2775 1939 2834 gloriamagna
1960 2779 2028 2816 est
2056 2771 2199 2815 »oder
2212 2773 2277 2822 *ist
2301 2783 2349 2814 es

210 2864 321 2900 etwa
351 2858 420 2898 ein
448 2869 497 2897 so
527 2868 695 2910 grosser
721 2852 920 2894 Ruhm«:
947 2850 1053 2894 haec
1082 2848 1193 2890 mihi
1210 2845 1411 2892 videntur
1439 2842 1676 2901 postulare,
1706 2849 1901 2885 ut-antea
1923 2840 2079 2883 dictum
2099 2840 2355 2889 situatam

209 2922 327 2968 doch
343 2921 512 2967 ⁴treibst
539 2920 600 2965 du
631 2927 782 2964 cetera.
842 2917 964 2976 Quid
990 2915 1147 2960 multa?
1175 2913 1450 2975 adduci-nou
1478 2924 1671 2970 possum,
1703 2916 1751 2955 ut
1778 2908 1891 2958 hunc
1918 2906 2062 2952 locum
2089 2918 2249 2950 sanum¹
2265 2904 2350 2949 exi-
