2462 3112
1202 95 1265 148 VJ

161 231 250 263 uno
287 217 458 261 sentiet·
483 213 725 267 illepnihbiqlg
742 220 859 258 ·-·erat
894 215 1024 275 igitur
1059 213 1167 258 alius
1184 221 1386 269 amator,
1429 229 1455 258 a
1483 215 1925 275 quo-desertahelia
1959 218 2176 272 stabiligfle
2196 194 2318 274 ‘amm

159 287 276 343 iugio
312 284 575 330 coniunxikr
599 281 740 331 scribi
770 275 908 333 autem
937 278 1080 339 potest
1109 289 1154 325 et
1171 282 1362 337 ferreus
1377 277 1601 341 fuit‚'qui
1627 277 1785 339 malia't
1814 292 1856 328 et
1875 285 2313 348 ferrffl.fu⁸'t1>ffld

160 352 394 396 malueritz,
416 350 594 392 alterum
624 351 831 395 narrantis
863 355 948 402 est,
978 349 1156 392 alterum
1185 351 1402 405 rationem
1419 350 1661 403 reddentis,
1694 366 1771 398 cur
1798 355 1834 396 is
1849 353 2315 408 ferreusnominetm

160 422 302 465 Nemo
333 417 545 469 haerebit,
573 420 608 460 si
636 420 730 474 quis
762 418 932 460 dixerit:
965 417 1008 460 Ο
1039 417 1158 460 illum
1172 418 1408 472 ferreum,
1427 420 1547 474 qui
1529 443 1588 450 -
1614 419 1832 467 malum-ita
1842 428 1896 464 at
1925 423 2070 473 eadem
2099 426 2316 477 sententia

158 487 301 531 verbis
331 486 478 532 subest
495 485 686 539 ferreus
715 486 790 529 ille
808 485 920 540 fuit.
975 485 1109 541 Quid
1125 485 1269 542 plura!
1299 485 1480 537 alterum
1511 494 1596 530 est:
1627 487 1708 530 der
1735 490 1788 531 ist
1818 491 1957 539 eisern
1978 504 2214 546 gewesen‚
2220 491 2318 556 dep

159 556 301 599 dieb-
342 553 556 610 .gewollt
584 554 675 605 hat3
712 553 892 604 alterum
923 552 1000 596 der
1018 556 1080 597 ist
1111 555 1250 596 cisern
1277 569 1498 610 gewesen,
1537 554 1635 603 dass
1666 555 1738 597 vel
1766 556 1983 605 insoferne
2013 571 2062 599 er
2088 578 2144 594 ο·-
2164 555 2321 610 ‚lim

159 586 351 682 gewount
367 622 448 664 hat.
507 620 634 676 Quae
665 621 794 664 hodie
811 629 1049 678 praecepta
1081 621 1136 664 de
1164 624 1331 664 ratione
1361 621 1586 665 modorum
1607 622 1908 680 divulgantur,
1939 639 2097 676 omnes
2114 627 2223 674 istas
2240 638 2320 677 ffl-

160 694 373 749 spiciones
403 688 648 745 dispellunt.
686 713 739 722 -
798 704 836 730 v.
869 689 934 731 71.
991 689 1212 745 Scriptura
1247 696 1486 733 contextus
1514 704 1603 733 non
1636 698 1719 742 tam
1749 692 1968 750 exemplis,
2006 707 2117 749 quae
2144 694 2319 745 Ηςιεοίιιι

157 761 253 802 kius
294 757 495 808 contulit,
540 771 665 813 quam
711 771 848 798 sensu
877 763 1032 813 poetae
1069 757 1291 800 firmatur..
1330 757 1454 801 Cum
1491 760 1794 811 contemtionQ
1807 768 1865 810 et
1894 762 2106 803 irrisione
2141 761 2251 808 haec
2284 776 2312 805 a

157 834 288 885 poeta
325 824 520 868 nonnihil
559 824 845 867 stomachante
879 826 1104 879 jaciuntur.
1163 824 1299 866 Simili
1331 825 1462 868 modo
1491 826 1795 875 Pharasmanes
1831 828 1945 883 apud
1977 829 2170 875 Tacitum
2198 830 2312 885 picta

159 909 265 938 auro
297 893 527 937 Medorum
554 894 725 957 agmina
765 892 1003 948 compellat.
1042 918 1096 926 —
1154 893 1290 935 v.72.
1350 893 1405 934 1η
1431 893 1580 936 solito.
1639 895 1806 937 Notum
1837 902 1920 946 est,
1957 894 2132 947 lectum,
2165 903 2322 942 torum.-

158 962 340 1006 solitum
371 960 477 1011 dici,
487 971 605 1016 quo
629 962 730 1015 quis
761 961 823 1002 uti
860 962 1153 1002 consueverit:
1192 975 1276 1016 qua
1315 959 1369 1002 de
1408 975 1556 1002 caussa
1595 964 1800 1004 castrensi
1837 962 1967 1005 cubili
2004 969 2125 1004 torus
2160 962 2312 1011 solitus

154 1031 393 1088 opponitur
421 1042 548 1083 supra
581 1026 643 1078 17⁸
656 1027 723 1069 44.
781 1027 953 1069 Pascuis
989 1027 1123 1070 solitis
1162 1028 1349 1071 conferri
1387 1035 1589 1084 possunt
1597 1028 1776 1072 Homeri
1810 1029 1948 1090 ᾔθεοι
1955 1028 2113 1079 {Sumam
2143 1029 2320 1080 huma-51

157 1098 292 1141 solita
325 1095 439 1152 apud
472 1094 617 1150 Virgil.
642 1095 712 1137 IX.
733 1089 831 1137 214.
862 1119 915 1128 -
946 1095 1056 1136 male
1095 1098 1205 1138 enim
1242 1095 1425 1138 suadent
1454 1096 1672 1147 nonnulli,
1708 1098 1846 1141 solita
1873 1100 2218 1154 interpunctione
2244 1105 2321 1146 ud

157 1165 438 1221 iungendum
453 1177 545 1205 esse
562 1162 637 1205 ab
677 1161 810 1209 humo
844 1186 909 1198 -
929 1165 1163 1217 opponitur
1197 1163 1359 1205 alienae
1399 1177 1478 1204 seu
1515 1166 1795 1220 peregrinae.
1834 1165 1965 1210 Mons
2001 1168 2129 1220 igitur
2163 1164 2321 1227 solitus,

158 1233 289 1284 foret,
328 1234 372 1274 in
410 1244 498 1287 quo
534 1237 662 1285 poeta
690 1231 772 1271 iam
802 1235 900 1275 ante
923 1243 1079 1284 ,greges
1108 1243 1285 1284 pascere
1317 1232 1630 1277 consuevisset:
1662 1230 1717 1272 de
1749 1242 1832 1286 qua
1861 1245 1909 1272 re
1937 1234 2032 1286 ipse
2058 1231 2165 1279 nihil
2192 1231 2317 1283 dicit,-

157 1316 241 1345 nec
273 1299 418 1343 credo.
476 1297 760 1345 Solitudinem
791 1296 986 1339 locorum
1015 1302 1147 1352 poeta
1177 1297 1365 1351 quaerit:
1405 1296 1503 1338 huic
1536 1310 1560 1337 e
1590 1298 1763 1352 regione
1796 1299 2018 1353 oppositus
2043 1305 2116 1340 est
2151 1301 2331 1346 invisus·

158 1374 394 1412 castrorum
432 1377 732 1418 armorumque
771 1361 990 1405 tumultus.
1049 1355 1172 1404 Haec
1208 1377 1274 1404 me
1311 1371 1502 1418 movent,
1541 1371 1588 1405 ut
1625 1367 1907 1416 consentiam,
1945 1379 2184 1421 germanam
2213 1369 2321 1412 scri-21

157 1443 327 1493 pturam
364 1446 456 1475 esse
493 1431 593 1474 solo
631 1437 778 1472 monte
808 1429 882 1481 (ἐν
912 1430 1091 1484 οὔρεσιν
1120 1429 1420 1484 οἰοπόλοισιν).
1458 1454 1509 1461 --
1561 1435 1609 1473 ‘v.
1642 1431 1708 1474 77.
1765 1417 1930 1478 Mollis,
1951 1422 1998 1477 in]
2026 1433 2215 1478 inculta:
2254 1435 2323 1485 ita„-

157 1501 426 1546 Huschkius:
467 1498 545 1541 sed
571 1504 689 1540 recte
718 1498 938 1552 Heynius,
978 1497 1310 1557 Lachmannus,
1335 1499 1561 1543 Dissenius
1599 1498 1773 1543 alteram
1810 1501 2058 1555 scripturam
2094 1501 2321 1549 multasset,

158 1571 328 1616 inculta
369 1567 661 1610 obtinuerunt.
730 1564 918 1620 Quando
958 1571 1115 1620 poetae
1154 1567 1513 1621 praepositionem
1553 1567 1600 1607 in
1638 1579 1734 1611 cum
1772 1565 1959 1612 ablativo
2001 1567 2087 1609 loci
2127 1570 2323 1617 iunctam

160 1639 397 1688 omiserint,
440 1633 614 1690 quando
651 1635 896 1688 posuerint,
935 1631 989 1674 de
1025 1632 1105 1677 hac
1132 1647 1180 1674 re
1210 1631 1314 1675 nihil
1342 1646 1530 1687 unquam
1559 1635 1720 1688 poterit
1749 1636 1856 1678 certi
1885 1624 2119 1693 constitui„
2152 1635 2201 1682 111
2229 1636 2320 1682 hoe·

159 1720 317 1765 genere
347 1718 432 1746 una
461 1703 554 1744 fere
581 1707 731 1757 regnat
760 1714 1035 1746 numerorum
1063 1702 1331 1746 necessitas„
1367 1700 1464 1746 Hoc
1491 1699 1591 1743 loco
1621 1703 1803 1761 quisque
1831 1705 1959 1747 sentit
1989 1709 2034 1745 et
2056 1702 2203 1749 lmulto,
2226 1718 2319 1749 :na-2

159 1778 242 1833 gis,
281 1787 418 1830 quam·
435 1770 796 1827 praepositionem
825 1770 872 1811 in
900 1770 1080 1823 requiri:
1120 1782 1217 1810 nam
1249 1767 1322 1810 vel
1345 1769 1394 1814 ,in
1423 1768 1741 1814 incultahumo
1771 1784 1821 1813 se
1857 1770 1966 1823 dicit
1993 1773 2178 1815 sua-viter
2198 1770 2314 1826 ¹dor-'-

159 1845 372 1886 miturum.
430 1839 529 1881 Hoc
559 1844 623 1879 est
652 1850 831 1879 acumen
861 1837 1116 1886 sententiae,
1158 1835 1276 1891 quod
1305 1837 1415 1892 perit
1444 1839 1597 1879 omissa
1626 1837 1833 1893 particula
1861 1844 1918 1881 et.
1945 1878 1949 1881 ,
1978 1838 2238 1884 Coniectura
2265 1841 2317 1885 ἰη,
2392 1841 2393 1844 ’

161 1911 278 1955 dura
315 1905 512 1962 (confer,
556 1907 632 1956 Sis,
663 1904 796 1952 Ovid·
819 1905 911 1952 Am·
933 1903 1006 1951 III·
1033 1905 1107 1955 ll,
1128 1904 1195 1946 10·
1233 1903 1426 1960 aliosque
1464 1904 1603 1956 locon,
1642 1920 1757 1961 quos
1782 1907 1978 1962 Heynius
2016 1906 2210 1963 collegit)
2230 1914 2322 1962 ρει

162 1979 326 2036 egregia
356 1974 548 2031 quidem:
581 1974 740 2028 quippe
772 1974 883 2019 enim
914 1971 1138 2019 commode
1166 1973 1279 2015 inter
1301 1982 1352 2018 ‘se
1381 1979 1662 2028 opponuntur
1691 1972 1908 2018 molliret
1931 1971 2076 2016 duna:
2102 1973 2323 2020 'sedura-r

161 2046 272 2105 gulis
309 2044 393 2087 illis
434 2042 574 2087 divitis
609 2042 819 2089 amatoris,
838 2046 954 2087 ostro
985 2052 1179 2094 auroque
1209 2040 1330 2095 pictis
1362 2039 1467 2095 quid
1497 2040 1760 2084 commodius
1790 2042 2321 2096 opponaturfqiiaminee:

163 2114 286 2158 culta
313 2111 500 2154 humus?
529 2130 584 2156 -z
640 2123 682 2156 Ἣ
712 2107 777 2150 78.
838 2106 1084 2153 Huschkius
1121 2109 1292 2153 rectius
1321 2106 1479 2153 dictum
1514 2114 1631 2152 ratus
1654 2114 1734 2151 est
1766 2114 1935 2150 noctem
1962 2107 2320 2165 vigilandum-*pfl

161 2184 256 2226 nire
293 2194 392 2223 cum
418 2178 558 2229 fletu,
602 2191 735 2233 quam
764 2175 887 2227 fletu
922 2174 1196 2230 simpliciter-3
1238 2176 1491 2230 scripturum
1529 2177 1655 2219 etiam
1684 2174 1820 2218 fuisse
1857 2174 2097 2226 Tibullum,
2140 2176 2176 2216 si
2213 2189 2316 2219 cum

164 2254 274 2294 esset
304 2261 458 2304 quum,
497 2258 592 2286 nox
611 2244 733 2295 fletu
769 2258 868 2285 cum
899 2241 1130 2300 vigilanda
1148 2245 1302 2294 vemat,
1332 2257 1421 2286 non
1449 2257 1544 2287 nox
1574 2258 1610 2287 c.
1629 2243 1686 2295 fl.
1716 2259 1755 2286 v.
1784 2259 1823 2285 v.
1881 2243 2220 2298 Itaque-signum
2249 2246 2321 2287 in-e

164 2313 410 2371 tei-rogandi
439 2313 623 2372 positum
653 2310 747 2352 vult
775 2316 873 2366 post
901 2309 1082 2352 verbum
1109 2309 1316 2367 prodest,
1347 2313 1472 2355 sicuti
1502 2318 1565 2354 est
1586 2313 1638 2356 ,in
1670 2309 1865 2366 exemplo
1890 2311 2043 2353 Venet.
2098 2311 2313 2354 Verunta-

163 2384 264 2427 men
291 2394 435 2437 neque
468 2378 677 2434 asyndet'o
716 2388 858 2433 neque
894 2379 1167 2433 responsioni
1203 2378 1271 2423 hic
1306 2378 1427 2423 locus
1463 2384 1536 2423 est.
1593 2377 1741 2421 Verba
1776 2378 2036 2430 enimfletu
2073 2392 2167 2420 nox
2192 2379 2318 2436 fvigil

166 2449 314 2495 landa.
333 2449 451 2490 venit
482 2460 649 2488 causam
679 2447 898 2501 aperiunt,
928 2445 1206 2501 quamobrem
1225 2446 1327 2491 nihil
1349 2448 1523 2501 Tyrius
1531 2452 1659 2491 torus
1673 2446 1835 2501 prosit3
1859 2451 1923 2487 est
1945 2459 2063 2489 amor
2089 2445 2321 2489 adversust

165 2519 339 2575 lsparit
367 2515 580 2565 dolorem,
615 2515 830 2568 gemitum,
869 2513 1035 2564 fletum,
1077 2513 1232 2569 quihus
1260 2527 1435 2559 somnus
1464 2512 1702 2568 depellitur.
1759 2511 1892 2554 Aliud
1922 2519 1983 2557 est
2013 2514 2099 2556 mit·
2115 2512 2319 2570 VVeinen

166 2587 238 2630 vel
265 2591 390 2627 unter
417 2583 630 2629 Thranen
651 2581 720 2623 die
748 2581 892 2623 Nacht
918 2580 1233 2624 durchwachen·
1259 2586 1458 2626 iniissent
1470 2579 1597 2622 aliud
1618 2593 1698 2621 vor
1717 2579 1932 2621 Weinen:
1963 2579 2091 2635 quod
2107 2579 2189 2623 hoo
2203 2578 2319 2625 loco

87 2673 89 2675 ·
167 2653 423 2708 intelligitur.
480 2650 574 2697 Hos
604 2647 810 2690 ablativos
839 2655 994 2693 vocant
1023 2647 1248 2694 caussales.
1305 2648 1442 2691 Etiam
1469 2646 1582 2702 apud
1609 2645 1759 2701 Virgil.
1780 2647 1852 2688 111.
1872 2646 1987 2697 664„
2020 2661 2147 2701 quem
2170 2645 2313 2689 locum·

168 2718 622 2767 laudavit'Dissenius,
645 2717 839 2772 gemitus,
861 2729 970 2771 quae
993 2713 1157 2757 doloris
1178 2714 1425 2770 significatio
1449 2721 1530 2764 est,
1555 2713 1672 2764 facit,
1699 2720 1746 2756 ut
1767 2713 1958 2769 Cyclops
1972 2712 2185 2755 dentibus
2199 2712 2325 2757 tren-1

109 2789 111 2792 ’
162 2790 282 2833 -deat.
310 2798 355 2818 ²-
397 2800 443 2828 v.
456 2784 524 2829 80.
561 2784 651 2839 Qui
679 2783 858 2833 ducunt,
884 2789 1108 2839 praeeunt,
1135 2781 1498 2838 subsequentibus
1525 2783 1596 2832 iis,
1625 2790 1808 2837 quorum
1833 2780 1965 2824 duces
1991 2787 2099 2823 sunt.
2134 2779 2338 2835 Quanto*

171 2859 299 2914 igitur
310 2854 545 2897 venustius
576 2851 733 2899 dictum
763 2857 827 2894 est
856 2849 1030 2906 simplex
1061 2848 1242 2901 ducere,
1267 2857 1398 2905 quam
1429 2851 1710 2905 compositum
1739 2846 1979 2898 adducere,
2000 2862 2088 2903 pro
2121 2861 2207 2903 quo
2235 2856 2318 2891 vol·

170 2924 265 2970 lunt
291 2920 498 2967 nonnulli
517 2922 702 2978 positum
734 2917 913 2962 ducere
968 2917 1186 2962 Videlicet
1214 2924 1458 2973 poetarum
1452 2924 1547 2968 est,
1580 2930 1662 2973 pro
1690 2918 1934 2973 compositis
1963 2928 2129 2971 ponere
2155 2913 2323 2970 simpli·
2364 2951 2371 2957 ,.
