2462 3112
1032 63 1041 86 ἱ

1165 87 1314 130 XXIX

165 218 234 256 ent
261 209 317 254 ab
347 210 536 267 Heynio.
596 208 695 251 Nec
725 219 830 248 vero
860 203 1040 247 verbum
1069 203 1250 261 simplex
1276 216 1359 260 pro
1390 204 1628 260 composito
1661 202 1818 246 dictum
1846 208 1975 260 puto:
2014 210 2078 247 est
2105 204 2249 261 potius
2279 205 2325 247 in

164 280 242 324 isso
268 281 482 323 irrisionis
508 274 1018 334 quaedamwsignificatio,
1050 289 1161 332 quae
1190 275 1236 316 in
1263 272 1347 314 hoc
1375 271 1494 314 nulla
1524 279 1606 314 est:
1641 270 1750 314 illud
1782 274 1894 314 enim
1922 270 2038 315 valet
2055 271 2326 327 festsz't'zeh,

164 348 286 407 quod
321 351 460 405 ipsum
485 345 688 397 ridetur,
727 345 888 401 quippe
925 343 1043 400 quod
1078 343 1272 394 iuvenis,
1310 342 1386 383 etsi
1422 340 1556 393 absit,
1593 347 1731 382 totum
1769 348 1909 384 tamen
1945 341 2113 398 puellae
2141 338 2327 384 animum

165 418 286 463 solus
311 421 507 473 occupet.
559 415 710 471 ltaque
738 413 866 456 sedet
897 413 1077 469 explica:
1113 410 1243 454 adest
1274 412 1361 452 ista
1391 409 1523 452 turba
1561 416 1606 452 et
1634 411 1698 451 ita
1732 408 1972 460 adhaeret,
2010 417 2060 452 ut
2087 425 2230 467 paene
2259 408 2327 453 di-

163 487 270 531 velli
295 490 510 543 nequeat,
539 482 623 526 sed
638 482 849 537 frustra..
871 505 926 513 —-
955 496 994 522 v,
1025 480 1093 521 22.
1133 480 1378 521 restituisse
1409 476 1536 521 duos.
1580 479 1731 521 Horat.
1764 477 1815 521 C.
1846 479 1906 531 ll,
1938 479 2011 530 17,
2037 479 2092 520 9:
2122 478 2202 521 lile
2231 479 2326 522 dies

162 562 386 610 utu-amque
419 552 550 595 ducet
577 554 756 595 ruinam.
790 551 897 592 haec
924 549 1010 592 illis
1041 548 1169 605 plane
1199 554 1296 589 sunt
1326 548 1551 590 contraria.
1581 572 1635 579 —·
1679 562 1718 590 V.
1749 547 1816 589 23.
1849 546 2021 590 celeber
2047 549 2073 590 i.
2102 543 2141 591 e.
2168 549 2250 590 iam
2282 553 2328 591 te

162 621 365 681 precibus
388 627 430 663 et
450 622 580 662 sacris
600 619 801 662 colemus.
823 617 952 662 Conf.
975 617 1035 668 11,
1068 618 1112 668 1,
1132 616 1199 658 83.
1222 617 1341 671 Virg.
1367 615 1458 657 Ecl.
1482 616 1522 668 I,
1548 616 1593 668 1,
1618 617 1655 658 7.
1677 639 1734 647 -—
1756 631 1793 658 v.
1817 616 1884 659 24.
1914 616 2059 659 laetus
2080 612 2326 659 Huschkius

163 691 349 735 refutata
379 689 543 745 Heynii
573 689 778 745 opinione
808 689 974 743 egregie
1004 685 1205 728 defendit.
1229 709 1281 717 -·
1314 684 1365 727 C.
1386 685 1442 726 V.
1474 700 1514 727 ν.
1537 685 1574 726 l.
1604 684 1691 727 Hic
1719 682 1823 738 mihi
1852 691 2048 728 sanctus.
2079 685 2229 728 Horat.
2251 685 2327 735 lv,

165 761 245 811 11,
278 758 353 799 15:
386 746 465 814 qui
501 755 593 799 dies
723 755 822 797 Iure
859 754 1059 797 solemnis
1096 754 1197 796 mihi
1234 754 1508 809 sanctiorque
1549 754 1694 796 Paene
1730 753 1859 795 natali
1895 757 2086 811 proprio.
2126 780 2179 788 —
2217 769 2257 798 V.
2284 753 2326 798 3.

161 828 402 872 ser-vitium.
432 825 545 868 conf.
574 825 636 867 ld.
660 824 712 868 C.
740 825 800 875 II,
829 824 858 865 8
887 831 1008 866 extr.:
1037 822 1147 865 adde
1175 822 1293 878 quod
1323 822 1462 879 pubes
1492 822 1569 865 tibi
1600 825 1751 865 crescit
1781 825 1935 875 omnis,
1966 826 2146 866 servitus
2175 823 2330 866 crescit

161 900 288 940 n'ov'a.
318 893 551 938 dederunt.
577 893 680 935 vide
708 895 941 949 interprett.
971 891 1026 934 ad
1055 892 1162 933 Hor.
1192 891 1253 942 II,
1288 891 1360 942 16,
1388 890 1456 934 38.
1487 915 1537 921 -
1575 906 1615 933 v.
1647 891 1686 933 6.
1723 889 1770 933 Si
1799 890 1876 947 tibi
1905 890 1961 934 de
1989 891 2116 935 nobis
2146 898 2328 934 mutuus

162 967 282 1024 ign&
318 963 460 1006 adest.
508 963 709 1019 Heynius
750 949 806 1004 de
844 961 973 1004 nobis
1015 959 1193 1016 explicat
1231 959 1285 1002 de
1321 966 1473 1002 nostro
1512 962 1609 1016 igne
1647 962 1768 1016 quasi
1803 959 2014 1016 particula
2051 960 2218 1018 aliqua:
2256 961 2329 1002 cui

163 1035 434 1077 consentiens
456 1032 680 1074 Dissenius
711 1030 846 1083 addit,
877 1037 928 1073 ut
957 1028 1138 1072 dimidia
1155 1044 1265 1088 pars
1284 1031 1343 1071 sit
1371 1031 1417 1071 in
1446 1035 1650 1087 utroque.
1680 1029 1748 1071 De
1774 1028 1903 1071 nobis
1935 1036 1998 1071 est
2023 1044 2110 1072 von
2131 1031 2211 1071 mir
2235 1029 2328 1073 her.

162 1103 310 1146 lustin.
339 1103 421 1154 lx,
458 1102 506 1153 l,
544 1103 571 1144 5
601 1102 808 1157 pecuniae
836 1101 1133 1142 commercium
1165 1097 1220 1140 de
1258 1098 1433 1153 piratica
1464 1103 1690 1140 mutuatur.
1746 1096 1881 1139 Simili
1910 1097 2041 1140 modo
2073 1099 2231 1141 dictum
2263 1103 2330 1141 est

161 1173 247 1216 hoc
274 1171 376 1214 loco
406 1169 462 1213 de
489 1169 617 1212 nobis
646 1175 835 1211 mutuus.
887 1168 1038 1210 Puella
1070 1169 1207 1218 enim,
1243 1179 1337 1207 cum
1367 1165 1551 1217 fatetur,
1590 1180 1636 1208 se
1666 1167 1756 1217 uri,
1797 1165 1927 1208 docet
1955 1167 2079 1210 simul
2108 1170 2326 1219 iuvenem,

159 1240 279 1284 unde
309 1241 400 1282 eius
432 1253 550 1281 amor
581 1237 756 1280 accendi
782 1238 928 1294 possit.
977 1236 1113 1292 Quod
1142 1236 1367 1278 Dissenius
1399 1233 1455 1277 de
1486 1233 1665 1277 dimidia
1693 1242 1825 1292 parte
1852 1243 2020 1287 monet,
2058 1236 2103 1279 id
2135 1251 2185 1278 ex
2218 1250 2327 1278 voce

161 1315 342 1351 mutuus
369 1309 533 1364 potius,
564 1321 690 1363 quam
722 1321 771 1348 ex
797 1307 1116 1362 praepositione
1147 1303 1203 1346 de
1232 1305 1515 1360 cognoscitur.
1539 1328 1593 1334 —
1620 1318 1659 1344 v.
1681 1304 1719 1346 9.
1751 1304 1892 1346 Mane
1917 1305 2042 1348 Geni.
2074 1305 2124 1346 In
2152 1304 2325 1362 Gryph.

161 1377 275 1421 1546
313 1390 479 1434 magne
515 1375 695 1431 legitur3
743 1388 855 1431 quae
890 1375 1100 1430 scriptura
1138 1373 1254 1415 unde
1294 1372 1489 1429 profecta
1529 1374 1607 1422 sit,
1649 1371 1944 1415 Lachmannus
1983 1375 2192 1416 incertum
2233 1389 2328 1417 esse

161 1445 275 1488 dicit.
320 1445 565 1500 Antiquitus
592 1457 723 1484 mane
750 1456 832 1499 pro
861 1441 976 1484 bone
1013 1456 1089 1483 seu
1117 1448 1273 1484 sancte
1311 1441 1469 1483 dictum
1509 1447 1582 1483 est.
1632 1440 1719 1483 Sed
1749 1449 1866 1483 recte
1898 1443 2119 1498 Heynius,
2159 1443 2328 1485 Husch-

159 1514 280 1565 kius,
308 1512 534 1555 Dissenius
563 1511 825 1562 iudicarunt,
855 1509 986 1553 verba
1017 1509 1213 1552 obsoleta
1247 1508 1301 1550 ab
1331 1509 1456 1551 huius
1487 1511 1681 1551 carminis
1710 1512 1852 1552 nitore
1883 1518 1924 1553 et
1954 1510 2162 1565 elegantia
2190 1510 2328 1553 aliena

162 1596 266 1626 esse.
307 1581 557 1625 Consentio.
595 1580 813 1637 Scriptura
842 1594 972 1621 mane
992 1580 1100 1620 veni
1131 1579 1233 1634 quin
1265 1576 1496 1633 depravata
1528 1579 1600 1627 sit,
1627 1591 1717 1618 non
1746 1577 1920 1620 dubito:
1951 1580 2183 1634 requiritur
2215 1580 2328 1621 enim

104 1680 117 1689 χ
161 1663 322 1693 nomen
357 1650 496 1691 Genii.
529 1649 726 1705 Heynius
757 1650 940 1690 coniecit
959 1646 1097 1688 Alme
1129 1647 1261 1689 Geni:
1292 1645 1480 1702 Scaliger
1508 1647 1702 1701 reposuit
1730 1660 1906 1703 magne.
1945 1647 2110 1688 Verum
2139 1646 2329 1704 plerum-

165 1725 436 1776 quepoetae
467 1715 598 1758 Genii
627 1717 685 1758 ita
716 1718 975 1758 mentionem
1006 1715 1182 1766 faciunt,
1218 1721 1267 1756 ut
1295 1714 1417 1756 nullo
1452 1716 1544 1756 eius
1574 1727 1731 1756 nomen
1763 1715 1975 1757 adornent
2006 1716 2208 1772 epitheto.
2245 1731 2330 1760 nec

161 1795 306 1830 tamen
346 1791 540 1828 naturae
583 1783 694 1827 deus
732 1784 955 1827 humanae
994 1786 1068 1842 qui
1112 1790 1332 1840 temperat
1369 1789 1541 1825 astrum
1579 1798 1756 1839 magnus
1797 1783 2002 1840 appellari
2044 1799 2134 1828 non
2175 1793 2330 1843 potest.

161 1857 307 1912 Atque
336 1852 638 1896 Broukhusius
662 1860 824 1903 narrat,
857 1855 900 1894 in
932 1867 1033 1895 saxo
1062 1851 1303 1895 Puteolano
1334 1866 1548 1910 magnum
1576 1866 1669 1894 eum
1702 1851 1799 1894 dici.
1845 1853 2041 1910 Propert.
2073 1853 2155 1906 Ill,
2184 1854 2258 1906 10,
2290 1856 2329 1898 l.

159 1921 389 1974 Mirabar,
440 1921 641 1978 quidnam
687 1923 900 1964 misissent
941 1935 1065 1963 mane
1107 1920 1323 1964 Camenae
1363 1952 1373 1962 .
1401 1953 1409 1961 .
1436 1953 1445 1962 .
1468 1953 1478 1962 .
1549 1920 1714 1979 Natalis
1756 1927 1929 1963 nostrae
1972 1923 2136 1978 signum
2177 1924 2329 1966 misere

159 1990 343 2048 puellae.
373 1989 578 2032 Fortasse
609 1991 736 2046 igitur
767 1988 1012 2045 legendum:
1040 1989 1205 2048 Mane,
1238 1988 1373 2039 Geni,
1404 2003 1513 2046 cape
1542 1995 1646 2031 tura
1677 1996 1756 2032 cet.
1791 1989 1879 2032 Sed
1899 1989 2077 2032 videant
2105 1994 2328 2036 acutiores.

161 2061 250 2102 Pro
280 2066 384 2102 tura
407 2059 603 2115 Heynius
635 2058 906 2114 quorundam
936 2059 1185 2100 auctoritate
1212 2055 1422 2099 librorum
1452 2057 1642 2100 confisus
1674 2057 1797 2100 dona
1827 2060 2038 2115 reposuit:
2070 2060 2189 2117 quod
2213 2061 2328 2104 idem

160 2127 383 2171 Huschkio
418 2126 645 2169 admodum
675 2126 848 2183 placuit.
899 2127 957 2169 At
983 2141 1079 2168 cum
1112 2133 1296 2176 constet,
1336 2133 1403 2167 tus
1433 2128 1704 2182 praecipuam
1734 2127 1866 2169 fuisse
1897 2141 2114 2170 sacrorum
2144 2136 2328 2185 partem,

161 2211 288 2253 saepe
327 2198 451 2238 etiam
487 2209 510 2236 a
546 2196 686 2251 poetis
722 2209 802 2251 pro
834 2196 964 2236 sacris
1002 2196 1139 2251 poni,
1176 2193 1375 2250 equidem
1413 2208 1502 2236 non
1531 2194 1690 2247 video,
1728 2210 1804 2237 cur
1831 2198 2038 2252 scriptura
2067 2203 2172 2239 tura
2203 2197 2329 2241 alteri

161 2264 296 2308 cedat.
325 2264 394 2307 De
416 2266 627 2307 sexcentis
654 2263 759 2306 locis
790 2266 890 2306 satis
920 2265 999 2306 erit
1029 2262 1219 2306 attulisse
1242 2261 1372 2305 Ovid.
1395 2263 1525 2306 Trist.
1546 2262 1628 2316 111,
1659 2264 1734 2316 13,
1765 2264 1830 2307 16.
1862 2265 2012 2308 Horat.
2042 2265 2230 2318 111‚·23,
2257 2267 2327 2312 34.

163 2355 219 2366 —
252 2332 388 2375 Calet.
427 2333 476 2375 ln
506 2332 626 2375 libris
656 2334 868 2389 reperitur
896 2332 1036 2384 valet,
1070 2331 1171 2374 inde
1199 2332 1305 2373 vitio
1333 2333 1566 2388 scripturae
1594 2339 1691 2375 nata
1721 2340 1822 2376 sunt
1853 2333 1999 2386 volet,
2028 2335 2144 2377 velit.
2202 2335 2329 2380 Calet

161 2399 510 2443 Itali'dederunt.
541 2401 630 2444 Res
664 2409 726 2444 est
755 2401 901 2458 plana:
931 2414 1019 2458 quo
1049 2403 1176 2457 igitur
1204 2399 1355 2456 plura?
1387 2424 1440 2432 —
1470 2416 1509 2442 ν.
1542 2401 1608 2443 12.
1642 2401 1778 2457 Quod
1811 2408 1873 2444 est
1903 2401 1960 2444 de
1990 2403 2194 2446 Italorum
2225 2418 2329 2448 con-

162 2471 325 2512 iectura
359 2467 426 2511 Τιι
457 2483 642 2525 precor,
672 2469 900 2527 probatum
931 2478 994 2513 est
1022 2471 1225 2521 Heinsio,
1255 2469 1553 2521 Broukhusio‚
1583 2470 1748 2527 Vulpio
1780 2477 1822 2513 et
1848 2471 2050 2528 Heynio‚
2082 2475 2155 2529 qui
2185 2472 2247 2525 11,
2279 2473 2328 2527 3,

161 2538 220 2580 64
257 2536 452 2580 contulit.
508 2538 566 2579 At
600 2537 683 2580 hoc
719 2538 819 2582 loco
857 2539 962 2580 nihil
1000 2538 1195 2580 efficitur.
1253 2537 1367 2579 Sana
1407 2544 1470 2580 est
1507 2540 1714 2594 scriptura
1753 2545 1871 2583 tunc.
1909 2547 1971 2582 est
2001 2543 2111 2583 enim
2142 2543 2329 2598 graviter

163 2605 334 2649 dictum.
384 2606 499 2648 Vide
534 2606 723 2649 Huschk.
759 2607 813 2649 ad
850 2607 888 2650 h.
930 2607 958 2649 l.
1000 2632 1054 2641 —
1103 2623 1142 2649 v.
1178 2607 1243 2648 16.
1288 2606 1434 2649 Nulla
1476 2614 1611 2664 queat
1650 2607 1842 2664 posthac
1874 2623 1961 2651 nos
1996 2609 2186 2652 soluisse
2219 2608 2326 2653 dies.

164 2675 287 2716 Haec
323 2682 386 2716 est
420 2673 635 2717 bonorum
673 2674 882 2717 librorum
906 2677 1131 2732 scriptura.
1176 2675 1225 2716 ln
1255 2673 1346 2716 aliis
1375 2681 1517 2716 autem
1546 2675 1667 2718 libris
1696 2676 1851 2732 legitur
1880 2692 2012 2735 quam
2039 2677 2249 2722 soluisse:
2280 2681 2327 2723 in

163 2742 256 2785 aliis
288 2743 409 2783 etiam
433 2741 625 2800 posthac
654 2742 903 2785 exsoluisse
929 2743 1001 2785 vel
1031 2742 1300 2786 dissoluisse.
1331 2757 1417 2785 nos
1439 2743 1597 2786 Statius
1630 2752 1672 2786 et
1693 2745 1879 2802 Scaliger
1904 2754 2183 2802 receperunt:
2211 2746 2326 2790 idem

163 2811 327 2868 placuit
354 2809 626 2854 Lachmanno
668 2819 709 2854 ct
738 2811 956 2855 Disscnio.
1002 2812 1177 2869 Heynio
1217 2819 1366 2854 contra
1408 2818 1450 2854 et
1478 2812 1701 2856 Huschkio
1740 2829 1873 2871 quam
1910 2829 2035 2856 unam
2065 2815 2326 2859 verissimam

163 2882 411 2936 scripturam
439 2893 531 2920 esse
562 2882 860 2922 existimarunt.
891 2880 955 2922 Ac
983 2894 1084 2923 sane
1112 2880 1332 2938 permultis
1361 2879 1467 2923 locis
1496 2880 1651 2938 legitur
1678 2882 1854 2924 solvere
1875 2888 2099 2934 catenam,
2128 2884 2326 2939 vincula,

164 2962 337 3000 nexus,
373 2945 546 2990 nodos:
581 2949 676 3004 quis
714 2949 909 3004 ignoret?
946 2948 1109 2991 Verum
1147 2955 1190 2991 et
1228 2949 1471 3006 asyndeton
1506 2950 1590 2992 hoc
1627 2950 1727 2994 loco
1765 2965 1956 3008 magnam
1993 2953 2076 2994 vim
2114 2952 2246 2998 habet
2282 2961 2327 3000 et
