2462 3112
1191 134 1358 175 xxxn

208 248 352 289 veniet
381 259 479 294 cum
505 248 697 303 proxim.
728 261 890 298 annus,
926 246 998 291 hic
1023 246 1139 290 idem
1167 250 1285 291 votis
1311 249 1401 292 iam
1427 255 1553 292 vetus
1584 255 1633 292 ut
1660 252 1718 293 sit
1743 266 1882 294 amor.
1919 251 2059 307 placet
2094 253 2340 314 mihiwgrm-

210 322 304 357 tum
335 313 442 360 illud
459 331 473 355 ε,
506 321 646 356 cetera
681 313 914 370 displicent.
963 315 1161 358 Heinsius
1197 314 1297 371 legit
1332 318 1477 374 gratis
1513 331 1568 359 sc.
1597 320 1733 361 votis:
1767 319 1886 375 quod
1915 320 2088 376 Heynio
2117 321 2338 377 probatur.

208 380 453 431 Huschkius
474 382 670 437 opinatus
701 389 766 424 est
794 381 1016 438 legendum
1039 397 1150 424 esse:
1176 385 1239 426 sic
1258 386 1403 426 iuveni
1418 384 1617 441 placeat,
1644 385 1760 429 velut
1779 387 1820 438 Ι,
1849 387 1920 440 10,
1949 388 2024 431 292
2051 390 2115 431 sic
2133 389 2338 446 placeam

207 447 343 491 vobis.
388 448 536 504 Quam
559 449 841 491 coniecturam
872 451 950 490 etsi
977 449 1201 493 Dissenius
1230 450 1463 507 elegantem
1498 453 1639 505 ducit,
1672 456 1872 510 scriptum
1905 463 2043 499 tamen
2070 456 2163 500 vult
2198 463 2339 516 grata

209 520 299 560 sive
321 519 462 574 potius
488 531 623 567 cara,
651 515 855 559 adveniet
882 516 950 558 vel
979 531 1032 559 ac
1059 518 1214 559 veniet.
1252 518 1542 562 Lachmannus
1573 521 1766 563 emendat
1793 528 1972 580 gratae:
2010 523 2230 580 Gruppius
2260 524 2338 568 de-

207 588 360 642 nique,
399 599 494 627 cum
521 586 579 634 si,
614 586 701 635 sit,
736 586 799 627 sic
828 598 954 640 saepe
981 586 1091 645 inter
1119 599 1165 626 se
1194 586 1530 639 confundantur,
1566 590 1792 631 coniectat:
1826 592 1908 640 sis,
1943 590 2080 642 Iuno,
2114 597 2250 649 grata
2287 597 2334 635 et

206 656 351 696 veniet
371 661 496 696 ceter.
516 658 651 710 grata
673 651 852 707 explicat
880 651 1153 694 erkenntlich.
1181 653 1302 695 Hanc
1328 668 1444 696 suam
1466 658 1750 698 coniecturam
1774 657 2124 713 quemadmodum
2148 665 2337 711 tueatur,

205 723 299 778 ipse
325 721 488 763 viderit.
536 721 680 762 Grata
707 722 810 775 quin
838 719 982 776 puella
1013 720 1098 762 dici
1125 723 1336 776 potuerit,
1369 737 1458 764 non
1489 722 1664 765 dubium
1693 730 1767 766 est.
1804 724 1888 766 vid.
1918 725 2024 767 Hor.
2053 724 2081 767 L
2108 725 2190 776 111,
2217 726 2266 777 9,
2292 727 2337 771 l.

207 796 350 846 gratus
380 802 491 830 eram
520 786 608 830 tibi.
637 787 828 842 Propert.
853 788 891 839 Ι,
921 787 970 839 2,
998 787 1044 829 3:
1075 788 1153 830 His
1175 795 1223 830 tu
1243 803 1409 845 semper
1429 792 1509 832 eris
1531 798 1700 834 nostrae
1722 794 1951 847 gratissima
1974 794 2096 835 vitae.
2125 793 2338 849 Equidem

205 865 346 900 tamen
365 855 503 898 malim
535 855 773 902 distinctum
802 862 899 910 post
921 855 1047 906 velit,
1077 862 1124 898 ut
1150 858 1309 912 integra
1337 860 1541 900 sententia
1569 861 1759 913 proximo
1789 861 1999 916 superiori
2028 859 2204 902 disticho
2234 873 2340 905 con*

204 928 398 968 tineatur.
446 922 618 965 Deinde
657 929 698 964 et
735 936 802 964 res
842 930 883 964 et
918 925 1009 978 ipse
1048 926 1172 965 etiam
1204 924 1312 966 ordo
1346 923 1578 967 verborum
1608 926 1786 968 suadere
1818 927 2035 978 videntur,
2073 935 2120 971 ut
2154 927 2336 984 legatur:

206 994 254 1036 Si
290 995 434 1036 iuveni
470 994 552 1045 (sc.
582 990 817 1043 Cerintho)
854 997 1044 1047 gratum,
1080 993 1223 1033 veniet
1259 1007 1353 1034 cum
1389 995 1603 1048 proximus
1640 1008 1801 1044 annm,
1839 995 1921 1036 Hic
1955 995 2065 1038 idem
2103 998 2216 1038 votis
2250 997 2335 1038 iam

206 1069 328 1104 vetus
359 1061 467 1103 adsit
496 1072 625 1101 amor.
656 1059 702 1100 Si
730 1061 874 1100 iuveni
902 1066 1065 1114 gratum
1096 1065 1160 1100 est
1188 1061 1214 1100 i.
1246 1073 1282 1101 e.
1312 1061 1347 1101 si
1374 1061 1517 1101 iuveni
1545 1060 1697 1116 placet,
1732 1063 1837 1104 sicut
1864 1062 2019 1118 placet,
2055 1063 2124 1105 hic
2150 1066 2190 1107 ei
2217 1078 2336 1107 amor

205 1132 397 1187 proximo
427 1143 540 1170 anno
571 1129 654 1170 hoc
682 1130 776 1183 ipso
803 1127 871 1169 die
901 1127 1047 1178 natali,
1076 1127 1151 1170 uhi
1180 1135 1280 1170 vota
1309 1131 1464 1184 suscipi
1493 1128 1649 1179 solent,
1679 1131 1759 1170 iam
1788 1137 1909 1172 vetus
1939 1130 2055 1173 adsit.
2089 1130 2218 1174 Ovid.
2247 1132 2337 1174 Re-

204 1198 315 1240 med.
347 1197 449 1238 107:
488 1204 528 1238 et
556 1203 676 1238 vetus
713 1198 757 1237 in
796 1202 920 1251 capto
960 1203 1134 1251 pectore
1170 1196 1279 1238 sedit
1317 1211 1447 1238 amor.
1477 1221 1530 1227 —-
1576 1195 1626 1239 C.
1656 1196 1752 1239 VII.
1796 1197 1845 1237 In
1879 1200 2014 1253 primo
2047 1197 2224 1242 disticho
2250 1212 2335 1254 pro

202 1264 377 1323 pudore
416 1264 571 1321 legitur
607 1266 651 1306 in
680 1263 821 1306 multis
858 1264 976 1306 libris
1010 1264 1201 1321 pudori,
1237 1279 1316 1320 pro
1349 1279 1479 1321 quam
1507 1263 1703 1307 nonnulli
1739 1263 1837 1306 libri
1866 1264 2072 1320 praebent
2101 1273 2146 1308 et
2173 1273 2245 1308 aut
2273 1273 2335 1309 at.

204 1335 404 1390 Denique
435 1347 516 1389 pro
545 1331 681 1385 fama
711 1334 853 1390 magis
889 1331 1186 1374 Broukhusius
1205 1366 1215 1383 ‚
1256 1334 1449 1388 Heynius
1468 1366 1477 1383 ,
1517 1331 1754 1375 Huschkius
1782 1340 2035 1388 receperunt
2069 1336 2335 1390 scripturam,

206 1417 316 1459 quae
346 1402 594 1443 auctoritate
631 1401 728 1441 satis
763 1399 920 1441 idonea
949 1406 1083 1451 caret,
1119 1403 1281 1443 minor:
1314 1401 1605 1442 Lachmannus
1635 1407 1773 1444 autem
1812 1407 1852 1443 et
1879 1402 2099 1445 Dissenius
2128 1402 2336 1459 vulgatam

204 1471 492 1512 restituerunt.
544 1467 762 1522 Gruppius
791 1467 959 1509 videtur
994 1467 1175 1524 legisse:
1214 1471 1375 1511 texisse
1409 1467 1603 1526 pudori,
1640 1469 1709 1510 At
1745 1467 1938 1512 nudasse
1975 1469 2106 1513 alicui
2138 1472 2196 1512 sit
2231 1468 2336 1513 mila·

194 1536 332 1590 fama
357 1535 512 1591 magis.
563 1533 735 1588 Quibus
775 1537 819 1576 in
847 1533 988 1576 verbis
1021 1541 1189 1590 praeter
1227 1535 1446 1592 enallagen
1482 1551 1651 1579 casuum
1679 1535 1842 1593 pudori
1872 1544 1914 1579 et
1932 1536 2067 1590 fama
2094 1536 2198 1580 nihil
2234 1550 2336 1580 sane

207 1612 271 1646 est
306 1602 568 1645 offensionis.
628 1600 1004 1644 Constructionem
1041 1602 1270 1645 verborum
1307 1604 1531 1646 Dissenius
1574 1605 1656 1646 hoc
1697 1604 1826 1647 modo
1871 1605 2118 1660 explicavit:
2168 1603 2334 1658 qualem

204 1673 356 1714 texisse
403 1670 511 1711 fama
550 1668 650 1710 mihi
693 1668 849 1724 pudori
884 1672 1037 1726 magis,
1088 1685 1212 1726 quam
1247 1670 1430 1712 nudasse
1468 1669 1590 1710 alicui
1627 1671 1652 1710 i.
1691 1683 1725 1710 e.
1764 1672 1799 1710 si
1838 1669 1953 1710 dicar
1996 1669 2120 1711 talem
2161 1672 2332 1721 texisse,

204 1741 332 1795 magis
361 1737 404 1780 id
434 1738 534 1779 mihi
563 1738 616 1778 sit
645 1736 821 1792 pudori,
859 1752 984 1792 quam
1013 1739 1048 1778 si
1075 1738 1190 1779 dicar
1228 1752 1323 1778 eum
1361 1751 1546 1778 amorem
1575 1736 1699 1778 alicui
1727 1736 1920 1779 nudasse.
1952 1736 2158 1779 Ordinem
2178 1736 2335 1780 verho-

203 1822 296 1854 rum
326 1804 560 1862 paullulum
589 1802 804 1845 turbatum
835 1818 947 1854 esse,
977 1806 1158 1846 Vossius
1188 1806 1361 1846 monuit.
1410 1805 1464 1847 Et
1495 1811 1557 1846 est
1583 1806 1662 1855 ita,
1703 1804 1905 1860 quicquid
1934 1812 2079 1847 contra
2108 1803 2209 1848 dicit
2236 1805 2337 1849 Dis-

203 1877 361 1922 senius.
413 1873 693 1914 Locutionem
720 1870 915 1913 nudasse
952 1872 1083 1914 alicui
1109 1871 1351 1914 Huschkius
1381 1873 1494 1913 omni
1524 1873 1764 1927 suspicione
1800 1871 2005 1914 liberavit.
2062 1873 2244 1928 Propius
2272 1879 2336 1916 ta-

203 1957 330 1994 men,
366 1956 490 1998 quam
526 1940 647 1981 locus
683 1938 736 1980 ab
777 1954 828 1981 eo
867 1955 916 1981 ex
953 1941 1075 1981 Livio
1111 1939 1280 1990 allatus,
1325 1938 1579 1980 Ovidiauum
1616 1937 1722 1981 illud
1752 1940 1770 1991 (
1782 1937 1833 1981 11.
1862 1940 1952 1981 Am.
1983 1939 2030 1990 5,
2071 1941 2126 1992 5)
2156 1939 2335 1983 accedit:

203 2011 306 2054 Non
345 2009 445 2051 mihi
485 2007 646 2050 deletae
682 2006 845 2048 nudant
883 2014 954 2048 tua
992 2007 1102 2048 facta
1139 2006 1334 2048 tabellae.
1371 2030 1425 2038 -
1461 2021 1527 2047 VV.
1558 2006 1586 2047 3
1614 2013 1654 2048 et
1683 2007 1720 2048 4.
1760 2006 1901 2048 Docte
1931 2006 2173 2049 Huschkius
2200 2007 2334 2052 verba

207 2076 424 2133 Cytherea
448 2076 646 2117 Camenis
677 2082 825 2116 contra
855 2075 1071 2130 Heynium
1102 2082 1254 2116 tuetur.
1299 2074 1432 2115 Illum
1461 2074 1682 2116 Dissenius
1709 2075 1765 2115 ait
1797 2073 1974 2130 intelligi
2001 2088 2224 2126 amorem,
2254 2077 2334 2118 etsi

204 2145 417 2188 formosus
449 2143 719 2193 adolescens,
756 2156 844 2183 non
873 2143 1007 2183 Amor
1044 2142 1218 2184 dicatur.
1267 2143 1324 2184 At
1354 2156 1604 2197 quamquam
1634 2155 1762 2183 amor·
1790 2154 1878 2182 non
1908 2155 2005 2183 raro
2036 2153 2115 2197 pro
2146 2157 2218 2194 eo,
2257 2145 2333 2199 qui

205 2221 388 2265 amatur,
425 2215 619 2269 ponitur,
648 2218 784 2253 tamen
812 2211 896 2251 hoc
922 2210 1020 2252 loco
1051 2225 1144 2251 cum
1172 2210 1328 2251 dictum
1357 2210 1430 2259 sit,
1465 2208 1566 2250 talis
1597 2222 1744 2258 amor,
1782 2208 1954 2264 qualem
1982 2211 2165 2259 texisse,
2200 2224 2334 2267 quam

204 2281 399 2326 nudasse
438 2287 542 2330 cet.,
585 2294 713 2321 amor
749 2278 925 2334 intelligi
960 2280 1126 2320 iuvenis
1164 2291 1251 2318 non
1288 2284 1437 2332 potest.
1502 2276 1709 2317 Iuvenem
1745 2283 1884 2317 autem
1920 2278 2170 2331 pronomine
2206 2277 2332 2320 illum

204 2349 455 2407 significari,
490 2347 591 2389 licet
618 2349 709 2402 ipse
737 2347 926 2388 nondum
959 2349 1198 2389 nominatus
1227 2346 1306 2395 sit,
1340 2344 1385 2386 id
1415 2359 1462 2385 ex
1487 2345 1615 2385 totius
1645 2344 1833 2384 carminis
1863 2349 2107 2399 argumento
2135 2344 2332 2400 intelligi-

205 2427 286 2461 tur.
317 2442 370 2452 ·--
407 2432 446 2459 v,
476 2417 515 2458 6.
551 2430 633 2458 sua
660 2415 746 2457 scil.
777 2413 957 2472 gaudia.
1010 2414 1158 2469 Itaque
1188 2413 1297 2454 hanc
1322 2413 1570 2466 scripturam
1599 2410 1888 2452 Lachmannus
1924 2417 1966 2453 et
1993 2410 2214 2453 Dissenius
2241 2425 2331 2452 me-

204 2488 288 2529 rito
320 2487 360 2527 ei
390 2490 751 2539 anteposuerunt,
782 2496 906 2538 quam
937 2482 1131 2536 Heynius
1163 2486 1204 2521 et
1233 2478 1477 2520 Huschkius
1506 2484 1746 2528 servarunt,
1773 2492 1910 2520 suam.
1943 2502 1994 2510 —
2024 2493 2062 2519 v.
2091 2478 2129 2519 8.
2158 2477 2331 2533 Duplex

204 2555 374 2610 negatio
413 2558 607 2607 suspecta
642 2565 733 2591 esse
769 2564 855 2591 nou
893 2548 1022 2590 debet
1058 2547 1167 2601 (vid.
1198 2545 1385 2587 Huschk.
1423 2553 1463 2587 et
1493 2545 1658 2586 Dissen.
1696 2544 1751 2585 ad
1789 2545 1828 2586 h.
1867 2544 1932 2597 1.).
1988 2544 2216 2588 Molestum
2247 2544 2331 2588 fuit

205 2623 380 2678 Heynio
421 2635 552 2677 quam
583 2641 636 2650 —-
673 2624 800 2659 ante:
840 2615 1039 2671 idemque
1077 2614 1258 2657 offendit
1286 2615 1513 2663 vossium,
1548 2611 1951 2663 Wunderlichium,
1987 2612 2213 2663 Bachium,
2254 2614 2330 2668 qui

205 2689 333 2732 scribi
367 2691 606 2730 iusserunt:
654 2699 721 2727 me
758 2685 912 2742 legat,
951 2690 1000 2724 ut
1041 2698 1182 2725 nemo.
1241 2681 1326 2724 Sed
1370 2695 1535 2723 omnem
1572 2679 1762 2722 mutandi
1803 2679 2019 2721 libidinem
2059 2679 2331 2735 repulsarunt

205 2755 393 2799 Huschk.
424 2762 467 2797 et
498 2755 738 2803 Dissenius,
769 2766 877 2807 quos
906 2750 1003 2793 vide
1033 2751 1087 2793 ad
1119 2752 1157 2792 h.
1186 2750 1213 2792 l.
1245 2773 1297 2782 -
1339 2749 1388 2792 C.
1419 2747 1534 2790 V111.
1561 2763 1599 2790 v,
1629 2748 1668 2789 3.
1706 2747 1815 2790 Cum
1842 2745 2029 2802 Sulpicia
2054 2760 2142 2788 non
2169 2761 2330 2804 propu-

206 2831 308 2881 gnet
334 2825 414 2866 nisi
442 2837 523 2878 pro
553 2836 629 2862 sua
662 2835 826 2869 caussa,
869 2826 981 2861 recte
1008 2821 1212 2868 sentiunt,
1249 2819 1322 2874 qui
1350 2816 1600 2872 singularem
1628 2828 1864 2865 numerum,
1890 2813 2086 2871 puellae,
2118 2814 2201 2856 hoc
2227 2814 2328 2859 loco

206 2894 411 2948 aptiorem
441 2890 600 2939 dicant,
628 2903 752 2945 quam
780 2887 987 2943 pluralem
1013 2886 1183 2942 puellis.
1205 2910 1260 2917 —
1288 2900 1328 2927 v.
1353 2885 1390 2926 4.
1419 2884 1470 2926 In
1498 2883 1617 2926 libris
1631 2884 1848 2926 Arretino
1880 2889 1922 2924 et
1934 2883 2125 2925 Aretino
2155 2882 2330 2939 legiturz

208 2974 257 3002 ex
290 2973 377 3015 quo
405 2958 629 2999 Dissenius
665 2958 860 3006 coniicit,
897 2954 1036 2996 villam
1063 2953 1275 2997 Messalae
1313 2954 1357 2994 in
1385 2952 1557 2994 Etruria
1592 2950 1646 2993 ad
1681 2951 1892 2993 Arretium
1928 2949 2070 2992 fuisse.
2124 2949 2327 3006 Plerique
