2462 3112
1175 103 1324 143 ml

160 236 249 282 que
270 225 478 268 ministret
492 240 505 264 ε
533 220 655 279 quod
683 220 874 276 mibreyo„
895 219 1097 275 πρότερον
1123 221 1221 262 iure
1247 219 1523 277 reprehendit
1542 219 1781 262 Disaenius.
1828 219 1970 263 Adiici
1999 223 2122 264 etiam
2152 219 2343 264 debebat

159 303 406 348 prae-a
425 287 560 333 alis.
599 287 738 345 Quod
765 291 803 331 si
826 291 900 332 avi
916 287 1001 331 hoc
1022 287 1293 347 locowessent
1311 287 1608 338 Grumum,
1633 286 2022 344 interpungendum
2041 288 2190 331 saltem
2209 295 2323 331 esset
2331 304 2347 329 :2

159 359 245 402 Bia
265 359 410 402 veniat
427 354 616 407 Natalia,
647 357 737 398 avis
758 354 1017 412 prolemque
1037 356 1255 398 ministret.
1286 369 1398 397 avos
1421 361 1561 397 autem
1591 352 1875 411 intelligerem
1905 363 2108 412 parentes
2125 355 2345 412 Sulpiciae

158 433 203 469 et
219 424 432 470 Corinthi.
459 423 635 466 Etenim
666 437 719 466 ex
750 422 1008 466 carminibus
1037 429 1160 465 sexto
1192 429 1239 465 et
1266 430 1422 465 octavo
1452 421 1553 464 libri
1584 425 1726 478 quarti
1754 421 1899 479 colligi
1927 431 2094 480 potest,
2121 424 2207 466 hoc
2236 436 2346 467 cor»,

158 493 326 550 iugi·-
342 497 560 535 aversatos
590 490 722 533 fuisse
742 497 967 547 parentes,
996 497 1173 532 matrem
1196 497 1316 533 certe
1337 488 1564 545 Sulpiciae.
1595 489 1705 533 Inde
1721 503 1812 532 non
1832 489 2069 535 absurdum
2097 491 2209 534 foret
2236 502 2341 534 con·-

158 562 312 612 iicon,
341 572 535 602 amm
561 559 822 601 mentionem
851 558 1026 609 factam,
1057 565 1106 600 ut
1133 572 1211 614 spe
1237 556 1373 613 prolis
1406 571 1457 599 ex
1486 556 1572 599 boc
1599 559 1874 600 matrimonio>
1908 559 2078 601 futurae
2109 561 2238 601 animi
2265 573 2341 615 pa-

156 634 331 676 reutum
363 626 696 670 conciliarentur
712 659 725 678 ,
760 634 1048 684 parentesque
1078 625 1294 682 Sulpiciae
1334 624 1509 682 quidem
1544 627 1663 681 prins
1684 659 1694 677 ,
1730 639 1857 682 quam
1895 628 2032 683 ipsum
2067 626 2340 678 cerinthum,

156 696 326 752 pietatis
356 708 508 737 caussa
538 701 893 737 commoratos
916 708 1024 736 esse.
1061 694 1230 736 Verum
1251 695 1365 735 enim
1385 707 1493 735 vero
1512 699 1605 736 tota
1634 693 1740 735 haec
1767 694 2077 749 interpretandi
2106 697 2217 736 ratio
2236 695 2343 736 mihi

157 761 372 819 displicet.
408 762 643 819 Postquam
664 769 795 818 poeta
825 763 1003 818 optavit,
1034 762 1238 804 Amorem
1263 760 1587 818 strepitantibus
1615 759 1693 802 alis
1713 761 1987 804 advolantem
2009 776 2159 804 crocea
2181 762 2340 805 afferre

156 829 347 882 vincula,
376 836 709 873 cousentaneum
729 836 823 872 erat
842 828 1023 880 addere,
1049 827 1139 872 hoc
1162 831 1223 871 sit
1248 832 1515 887 augurium,
1542 827 1668 885 quod
1686 828 1763 870 eibi
1783 829 1928 871 natali
1945 828 2016 871 die
2033 829 2177 872 detur.
2217 829 2341 874 Con-

156 905 262 950 stat,
291 911 420 940 wem
449 910 585 953 saepe
610 899 718 953 poni
748 911 833 954 pro
861 898 1067 954 augurio,
1095 898 1345 953 praesertim
1373 899 1421 939 in
1447 898 1609 953 nuptiis
1639 895 1930 947 celebrandis,
1970 899 2014 939 in
2049 897 2209 953 quibus
2237 912 2341 941 aves

157 964 517 1014 consulebantm;
543 964 661 1007 unde
685 963 850 1008 Catuli.
874 965 951 1014 61,
979 964 1068 1006 20.:
1099 963 1216 1007 bona
1246 979 1342 1006 cum
1371 964 1488 1007 bona
1518 964 1618 1006 alite
1648 965 1782 1020 virgo.
1833 964 1936 1007 vid.
1958 965 2104 1007 Loers.
2123 965 2176 1007 ad
2204 965 2339 1009 Ovid.

156 1032 337 1076 Heroid.
355 1046 422 1089 ep.
440 1031 494 1074 ΙΙ.
515 1032 610 1074 116.
659 1032 811 1088 ltaque
838 1031 944 1074 nihil
973 1045 1079 1074 sane
1112 1034 1343 1089 excogitari
1370 1035 1529 1089 possit,
1565 1031 1684 1088 quod
1716 1040 1759 1074 et
1788 1032 1844 1074 ad
1870 1032 2002 1074 verba
2020 1066 2029 1083 ‚
2062 1047 2175 1088 quae
2207 1048 2339 1090 supra

155 1099 377 1158 leguntur,
404 1101 525 1142 venit
542 1098 731 1143 Natalis
756 1097 820 1141 ad
842 1114 951 1141 ara-5
975 1106 1018 1141 et
1038 1098 1094 1142 ad
1118 1114 1206 1142 rem
1236 1101 1458 1156 totiusque
1480 1099 1586 1150 loci,
1617 1099 1672 1142 de
1697 1114 1786 1156 quo
1812 1100 1944 1142 modo
1969 1099 2169 1150 diximus,
2200 1103 2341 1143 suavi-

155 1175 289 1218 tatem
317 1174 404 1210 tam
433 1168 676 1223 appositum
709 1167 788 1217 sit,
830 1181 959 1222 quam
987 1166 1061 1218 id,
1098 1166 1220 1223 quod
1251 1168 1456 1210 Heinsius
1494 1167 1694 1220 refinxit,
1731 1167 1817 1211 hac
1846 1171 1998 1211 veniat
2026 1168 2214 1211 Natalis
2247 1172 2339 1212 ovi:

157 1235 316 1293 quubm
334 1233 484 1278 verbis
504 1236 723 1292 aptissime
743 1233 963 1277 adduntur
987 1234 1080 1277 illa:
1109 1234 1240 1278 ludat
1268 1242 1314 1278 et
1343 1243 1453 1278 ante
1471 1242 1599 1288 tuos,
1629 1236 1883 1280 cerinthum
1905 1244 2048 1278 autem
2069 1245 2197 1292 poeta
2216 1237 2339 1289 dicit,

153 1302 289 1346 tarbn
316 1301 499 1347 nouella
521 1299 672 1358 pedes.
734 1301 820 1344 Pro
851 1308 896 1344 et
924 1301 1073 1345 maluit
1101 1303 1300 1359 Heynius
1328 1302 1459 1346 scribi
1497 1310 1571 1355 ut,
1609 1303 1732 1361 quod
1760 1303 1917 1360 legitur
1945 1307 1989 1347 in
2019 1304 2134 1347 libro
2165 1307 2340 1348 Ursiniz

153 1370 451 1427 suffragantur
472 1371 516 1413 ei
532 1368 778 1412 Huschkius
809 1377 850 1412 et
869 1370 1110 1412 Dissenius.
1162 1372 1228 1412 Ae
1246 1370 1476 1414 Dissenius
1504 1371 1703 1428 quidem,
1730 1386 1828 1414 cum
1853 1379 2059 1414 mutatum
2090 1381 2206 1415 esset
2235 1372 2339 1415 suh-

154 1440 330 1489 iccium,
361 1437 559 1495 copulam
589 1444 635 1480 et
665 1437 902 1489 duriorem,
933 1437 1109 1480 finalem
1136 1437 1389 1494 particulam
1410 1441 1711 1482 nervosiorem
1733 1454 1826 1482 esse
1849 1439 2077 1483 arbitratus
2111 1449 2187 1483 est.
2225 1442 2339 1484 Mihi

151 1506 362 1563 particula
400 1512 451 1549 ut
487 1507 708 1549 sententiis
743 1519 868 1548 more
901 1520 1058 1562 prosae
1096 1509 1305 1550 orationis
1347 1509 1458 1549 inter
1496 1522 1544 1551 se
1579 1507 1809 1564 iungendis
1847 1510 1988 1565 aptior
2016 1509 2188 1551 videtur
2222 1523 2338 1561 esse,

154 1573 366 1631 particula
394 1587 500 1616 vero
529 1580 576 1616 et
604 1575 629 1616 i.
661 1588 697 1616 e.
727 1572 824 1616 und
850 1588 904 1617 so
935 1576 1143 1617 orationis
1173 1577 1371 1632 poeticae
1401 1577 1534 1618 nitori
1561 1578 1692 1632 magis
1722 1576 2056 1620 accommodata.

77 1691 89 1695 ,
239 1641 360 1699 Eleg.
389 1642 464 1684 Ill.
485 1657 529 1684 v,
545 1641 590 1684 3.
626 1641 736 1700 Ipsa
758 1641 916 1685 Venus
939 1642 1060 1686 latos
1082 1643 1172 1685 iam
1196 1657 1317 1686 mmc
1338 1645 1552 1701 migravit
1573 1645 1620 1686 ἑη
1649 1657 1807 1701 agros.
1849 1645 1928 1685 His
1948 1643 2093 1686 verbis
2112 1644 2341 1686 Dissenius

156 1712 216 1753 ait
235 1724 415 1752 vernum
442 1717 612 1766 tempus
642 1712 734 1752 sive
754 1724 947 1753 mensem
963 1709 1159 1767 Aprilem
1178 1710 1359 1752 indicari
1382 1710 1523 1763 (conf.
1544 1710 1679 1754 ovid.
1694 1710 1907 1754 Fast.1v.
1925 1712 2007 1754 125
2027 1715 2153 1768 sqq.).
2192 1714 2340 1769 Atque

154 1779 390 1820 sententiae
418 1779 534 1820 inter
562 1792 608 1820 se
636 1780 693 1820 ita
725 1778 978 1820 cohaerent:
1009 1777 1156 1835 puella
1179 1793 1273 1820 mea
1294 1777 1403 1821 urbe
1433 1778 1578 1821 relicta
1608 1793 1684 1821 rus
1709 1793 1755 1821 se
1783 1779 1986 1821 contulit:
2015 1782 2098 1821 iam
2123 1782 2233 1822 enim
2259 1794 2340 1822 ver

157 1843 419 1887 adunavit.
447 1857 528 1900 pro
557 1843 623 1885 his
651 1851 784 1899 poeta
813 1846 1006 1887 ornatius
1038 1844 1159 1887 dixit:
1190 1858 1307 1888 nunc
1334 1846 1430 1901 ipsa
1457 1847 1540 1887 iam
1563 1847 1716 1888 Venus
1746 1848 1791 1888 in
1821 1861 1948 1903 agros
1976 1850 2182 1904 migravit.
2220 1848 2341 1890 Haec

154 1911 280 1968 plana
299 1918 413 1954 sunt.
436 1918 480 1953 at
498 1910 607 1953 illud
629 1913 713 1953 iam
737 1911 956 1954 difficilius
975 1919 1039 1955 est
1059 1911 1318 1963 decernere,
1346 1905 1451 1954 num
1469 1912 1592 1957 latos
1610 1928 1753 1972 agros
1776 1914 2003 1971 legendum
2023 1918 2076 1957 sit
2099 1930 2153 1957 an
2170 1915 2338 1968 laetos,

155 1993 286 2036 quam
305 1985 501 2021 veterum
521 1978 733 2022 librorum
755 1981 1010 2035 scripturam
1026 1980 1233 2022 Muretus
1253 1981 1459 2022 enotavit.
1486 1980 1604 2022 Nam
1621 1980 1741 2037 quod
1765 1981 1876 2024 iufra
1902 1997 1945 2023 v,
1965 1983 2032 2025 65.
2062 1986 2165 2041 agri
2185 1985 2339 2025 tristes

157 2045 448 2103 appellantur,
478 2048 576 2102 quis
607 2053 674 2088 est
700 2054 785 2088 tam
818 2046 989 2097 tardus,
1017 2049 1122 2103 quin
1150 2061 1345 2089 caussam
1372 2047 1603 2105 intelligat,
1633 2049 1915 2106 quamobrem
1934 2053 2022 2107 agri
2052 2065 2203 2108 reapse
2233 2050 2341 2094 laeti

154 2113 220 2157 ibi
248 2116 402 2157 tristes
430 2116 668 2156 vocentur?
706 2114 809 2157 Nec
838 2129 948 2171 opus
980 2122 1063 2166 est,
1095 2113 1150 2157 ad
1169 2115 1339 2156 Horatii
1369 2113 1503 2157 veiha
1533 2119 1552 2169 (
1562 2116 1697 2173 Ep1st
1723 2117 1754 2158 1
1775 2118 1848 2168 10,
1876 2117 1966 2170 23.)
1996 2132 2260 2174 provocare,
2290 2125 2340 2161 ut

154 2182 333 2246 planum
359 2181 457 2233 fiat,
485 2183 742 2238 scripturam
770 2183 891 2226 latos
921 2185 1057 2239 ipsam
1082 2197 1163 2240 per
1188 2198 1234 2225 se
1254 2182 1435 2240 probam
1461 2198 1573 2227 esse:
1604 2199 1730 2227 nemo
1756 2187 1870 2228 enim
1891 2194 2035 2243 neget,
2067 2201 2231 2245 agros,
2260 2184 2340 2229 ubi

151 2249 255 2293 urbi
284 2252 478 2307 quamvis
511 2249 705 2306 amplae,
742 2250 973 2293 moenibus
1003 2258 1144 2293 tamen
1173 2251 1461 2293 circumdatae
1492 2259 1796 2308 opponantur,
1836 2252 1958 2295 latos
1986 2253 2211 2296 commode
2238 2253 2337 2295 dici.

150 2317 300 2368 Adde,
329 2316 452 2373 qnod
468 2318 631 2362 Veneri
655 2317 813 2361 choros
836 2332 976 2360 verno
998 2325 1191 2375 tempore
1215 2317 1390 2360 ducenti
1417 2317 1653 2374 εὐρύχοροι
1674 2318 1804 2375 ἀγροὶ
1826 2323 1931 2377 grati
1956 2329 1996 2363 et
2021 2321 2198 2364 iucundi
2222 2327 2335 2364 sunt.

152 2384 286 2442 Apud
300 2385 456 2428 Horat.
472 2383 525 2428 C.
542 2384 615 2427 111.
637 2386 711 2437 ll,
741 2386 780 2427 9.
808 2386 999 2428 Dacierii
1019 2385 1152 2428 laetis
1174 2384 1351 2441 probari
1374 2388 1527 2442 nequit
1556 2387 1696 2439 (conf.
1714 2388 1784 2429 kr.
1808 2386 1997 2431 Lubker.
2018 2388 2071 2430 ad
2092 2389 2131 2431 h.
2150 2389 2209 2441 1.).
2240 2395 2283 2430 at
2302 2389 2336 2431 1.

156 2453 231 2504 12,
256 2453 461 2505 57.,·-amn
485 2452 735 2509 magnitudo
765 2455 934 2510 imperii
948 2455 1207 2496 maiestatem
1223 2455 1404 2510 Augusti
1432 2462 1608 2511 augeat,
1635 2456 1779 2512 potius
1802 2463 1867 2497 est
1894 2456 1988 2499 lato
2020 2456 2128 2499 orbi.
2169 2458 2338 2499 Verum

153 2519 376 2564 mollitiem
390 2520 516 2562 buius
540 2520 627 2563 loci
648 2520 773 2564 decet
797 2520 986 2564 dulcedo
1009 2523 1220 2577 imaginis,
1253 2535 1369 2578 quae
1390 2524 1583 2564 nascitur
1605 2522 1796 2579 epitheto
1821 2522 1983 2566 laetus.
2027 2524 2336 2580 Interpretatio

154 2587 365 2640 masenii,
398 2589 472 2644 qui
502 2587 653 2630 laetos
681 2588 863 2645 explicat
891 2591 1109 2639 virentes,
1142 2603 1234 2632 non
1264 2588 1473 2632 abhorret
1500 2588 1573 2632 illa
1607 2590 1781 2647 quidem
1812 2605 1838 2633 a
1865 2606 1912 2633 re
1944 2598 1988 2633 et
2018 2593 2219 2640 veritate,
2257 2589 2337 2633 sed

156 2667 331 2697 sensum
353 2662 511 2711 poetae
540 2655 713 2708 melius,
750 2658 833 2699 nisi
862 2655 1010 2708 fallor,
1043 2659 1306 2714 assequaris,
1345 2659 1382 2699 si
1411 2659 1472 2699 ita
1499 2659 1816 2715 interpreteris,
1850 2667 1898 2701 ut
1926 2659 2038 2701 hanc
2070 2660 2205 2715 ipsam
2237 2658 2338 2700 her-

155 2720 403 2765 hese-‚entem
431 2722 692 2766 viriditatem-
722 2723 820 2766 elici
849 2723 971 2767 dicas
997 2724 1174 2776 laetitia,
1206 2739 1294 2781 qua
1315 2725 1503 2773 Veneris
1532 2725 1722 2768 adventu
1751 2728 1840 2782 agri
1868 2726 2138 2782 impleantur.
2165 2749 2211 2756 --
2237 2740 2268 2767 v
2296 2727 2338 2770 5.

158 2787 198 2831 Ο
230 2803 319 2847 ego
349 2803 453 2833 cum
479 2792 725 2847 aspicerem
755 2790 996 2835 dominam.
1052 2792 1115 2835 lta
1146 2792 1449 2834 Lachmannus
1481 2800 1524 2835 et
1552 2793 1781 2835 Dissenius
1812 2792 2028 2835 dederunt
2044 2826 2053 2843 ,
2085 2795 2339 2836 auctoritate

151 2854 365 2907 librorum
391 2859 586 2912 permoti.
634 2857 823 2916 Vulgata
853 2866 919 2902 est
956 2874 1058 2904 cum
1086 2858 1316 2905 dominam
1344 2857 1640 2916 adspicerem:
1672 2867 1715 2902 at
1743 2860 1840 2916 plus
1869 2860 2076 2917 ponderi-s
2107 2868 2175 2903 est
2198 2859 2339 2905 verbo

152 2921 459 2982 adspicerem,
481 2935 612 2982 quam
634 2927 743 2981 ‚voci
769 2925 1011 2973 donuinam.
1053 2926 1287 2984 Ecthlipsis
1309 2941 1413 2971 cum
1439 2929 1685 2986 aspicerem
1712 2927 1889 2985 auribus
1917 2930 2086 2987 ingrata
2110 2941 2203 2973 non
2225 2930 2341 2973 ‘tanti
