2462 3112
1187 108 1293 148 xlv
1325 140 1329 143 ,

1043 159 1199 167 ———...—

164 227 262 271 dem
289 226 487 269 levissimi
517 231 559 268 et
585 217 839 282 rapidissimi
867 239 1015 268 cursus
1044 227 1264 284 imaginem
1285 241 1391 273 voce
1419 243 1591 272 summa
1621 243 1859 286 expressam
1881 230 1992 275 vult:
2020 235 2067 275 at
2094 246 2191 277 cnm
2214 242 2315 293 pet-2

163 297 273 338 iuria
302 308 392 336 non
426 299 618 359 currant,
649 293 724 335 sed
752 293 962 345 ferantur,
993 296 1028 336 si
1055 301 1140 336 tam
1171 295 1375 340 celeriter.
1394 311 1444 338 ac
1470 295 1619 353 rapide
1648 296 1856 350 serantur,
1886 307 2002 342 certe
2024 307 2202 345 necesse
2229 308 2315 355 est,-

165 378 215 406 ea
245 377 336 405 esse
374 362 486 404 levia
520 369 561 404 et
590 361 749 403 nullius
780 361 996 417 ponderis.
1053 363 1202 418 Itaque
1230 363 1417 408 Dissenii
1452 367 1658 406 sententia
1689 365 1932 422 diligentius
1963 355 2333 420 examinatafl-noil'

160 437 340 481 tantum,
386 435 590 485 quantum
629 431 710 485 ipsi
754 431 890 471 visum
934 435 1016 481 est,
1060 444 1085 471 a
1122 429 1337 486 Vulpiana
1376 438 1418 473 et
1454 431 1734 489 Golberyana
1774 436 2127 491 interpretatione
2167 436 2308 481 distat.

159 497 277 540 Illud
316 504 458 539 autem
496 498 762 538 notissimum
807 503 887 547 est,
936 497 1161 552 perfidiam
1196 500 1422 545 amantium
1459 514 1552 542 cum
1589 500 1733 556 pluma
1770 509 1842 544 aut
1878 505 2037 546 cortice
2074 505 2312 561 comparari

161 565 275 620 (vid.
295 563 528 607 Mitscherl.
553 563 608 606 ad
631 565 782 606 Horat.
807 563 857 607 C.
879 563 951 606 ΙΙΙ.
975 565 1149 616 9,,22>;
1192 580 1302 622 quae
1331 581 1398 608 res
1429 582 1564 623 aquae
1593 570 1813 624 impositae
1841 583 1930 612 non
1960 570 2312 628 submerguntur,

157 634 235 677 sed
265 635 310 676 in
339 648 499 696 summa
533 648 642 689 aqua
672 632 849 675 fluitant.
908 633 1002 674 Hac
1029 635 1158 688 igitur
1189 634 1462 680 similitudine
1491 637 1701 690 scriptura
1727 652 1900 680 summa
1927 637 2157 694 probatur:
2187 643 2312 682 erant

158 708 322 751 tamen,
362 700 518 761 quibus
556 715 606 742 ea
643 699 906 756 displiceret,
943 699 1020 741 sed
1046 702 1212 742 iniuria.
1245 725 1297 734 —·
1355 716 1394 742 v.
1415 702 1483 743 23.
1543 704 1800 748 Necessario
1836 705 2063 762 legendum
2097 712 2163 749 est
2197 709 2312 765 ipse:

159 784 270 826 quae
300 771 509 824 scriptura
539 774 622 810 tam
654 774 771 810 certa
801 774 930 823 atque
962 766 1084 809 firma
1115 775 1199 818 est,
1226 774 1275 810 ut
1296 769 1439 810 mirari
1467 769 1614 822 liceat,
1646 773 2000 827 quemadmodum
2028 776 2073 816 in
2103 773 2313 831 discepta-

158 840 317 880 tionem
351 838 498 878 vocari
537 837 740 892 potuerit.
782 860 834 868 —
893 849 933 876 v.
966 835 1023 875 25
1053 849 1114 890 sq.
1180 849 1345 892 perque
1388 850 1485 878 suas
1523 840 1696 893 impune
1741 842 1841 882 sinit
1881 840 2100 897 Dictynna
2141 843 2311 898 sagittas

156 903 360 948 Affirmes
391 906 526 945 crines
548 918 711 959 perque
735 903 931 944 Minerva
952 916 1067 944 suos
1115 902 1198 944 Per
1227 905 1365 945 crines
1386 904 1608 947 Minervae
1638 908 1800 959 iurare,
1826 921 1997 949 novum
2017 922 2131 960 esse,
2161 921 2309 952 omnes

158 975 240 1015 viri
271 971 387 1014 docti
417 971 629 1014 viderunt.
669 971 940 1026 Suspiciones
962 973 1150 1012 novitate
1179 973 1244 1013 rei
1276 977 1389 1013 ortas
1419 978 1468 1013 ut
1497 972 1758 1028 dispelleret,
1787 988 1959 1031 operam
1980 975 2098 1017 dedit
2116 975 2310 1019 Brouck-

157 1041 324 1083 husius:
365 1042 454 1082 eius
494 1042 610 1094 signa
649 1041 915 1080 cunctantius
952 1044 1091 1080 tamen
1129 1044 1299 1080 secutus
1345 1045 1407 1080 est
1443 1039 1654 1094 Heynius.
1718 1041 1789 1082 Ad
1832 1041 2129 1102 stabiliendam
2171 1049 2311 1086 autem

159 1111 411 1164 scripturam
449 1106 661 1163 vulgatam
699 1108 766 1148 usi
803 1113 902 1148 sunt
936 1107 1185 1147 testimoniis
1225 1105 1362 1146 Servii
1397 1105 1479 1158 (ad
1499 1107 1650 1162 virgil.
1673 1107 1779 1150 Aen.
1799 1107 1876 1149 VI.
1897 1107 2009 1160 287)
2053 1115 2095 1151 et
2130 1109 2310 1154 Ttet‘zae

158 1175 239 1229 (ad
263 1174 479 1233 Lycophr.
497 1188 535 1215 v.
551 1173 677 1226 838).
726 1173 887 1224 Verum
919 1187 968 1214 ex
998 1168 1262 1214 altero‘loco
1292 1171 1578 1223 nihil-disces,
1621 1175 1703 1215 nisi
1732 1180 1897 1229 spretae
1928 1176 2122 1216 iniuriam
2149 1175 2312 1231 formae

158 1257 214 1285 ne
239 1243 349 1284 hanc
379 1241 551 1298 quidem
582 1240 702 1282 deam
732 1240 850 1281 lento
882 1242 1021 1301 animq
1051 1239 1299 1282 tulissezex
1327 1239 1464 1282 altero
1487 1242 1722 1292 noscimus,
1752 1239 1977 1283 Medusam
1999 1256 2092 1283 cum
2114 1242 2312 1286 Minerva

159 1311 215 1354 de
244 1309 572 1367 pulchritudinis
601 1309 860 1364 praestantia
891 1307 1162 1349 contendisse
1195 1307 1274 1359 (cf.
1298 1306 1430 1350 ovid.
1450 1308 1555 1350 Met.
1576 1307 1653 1351 IV.
1677 1309 1797 1362 795).
1845 1309 1903 1351 At
1931 1300 2030 1351 sunt
2059 1309 2131 1351 alii
2159 1316 2310 1354 testes:
2350 1291 2356 1297 .

157 1379 361 1422 laudatur
376 1378 610 1427 Homerus,
632 1377 706 1431 qui
727 1375 844 1417 deam
868 1374 1142 1430 appellaverit
1161 1367 1369 1430 ἧῦὀιομον
1387 1374 2020 1431 ἐύ”πλόκαμον;’(]ειΙΙίιῃἏοΙιιιε,
2041 1378 2116 1432 qui
2137 1377 2308 1432 (hymn.

156 1449 202 1489 in
222 1447 375 1489 lavacr.
398 1444 503 1487 Pall.
524 1459 563 1486 v,
586 1444 670 1495 31)
702 1443 808 1485 deae
838 1442 1038 1485 tribuerit
1066 1440 1248 1496 λιπαρὸν
1276 1440 1529 1498 πλόκαμονι
1567 1446 1748 1487 citantur
1776 1442 1896 1485 latini
1931 1450 2108 1500 poetae,
2147 1443 2304 1500 quibus

86 1542 102 1556 ι
156 1516 267 1557 flava
289 1514 397 1556 dicta
419 1515 470 1554 sit
493 1511 619 1565 (vide
642 1512 785 1552 Burm.
808 1510 860 1552 ad
877 1509 1051 1552 Anthol.
1073 1517 1154 1553 vet.
1178 1510 1248 1552 lat.
1266 1511 1388 1553 Tom.
1410 1512 1460 1553 11.
1483 1511 1605 1562 510).
1642 1512 1786 1566 Atque
1806 1510 1869 1552 his
1889 1510 1995 1553 locis
2019 1511 2122 1566 quid
2142 1511 2318 1555 tandem

158 1581 368 1625 efficitur?
392 1580 615 1631 Minervae
638 1592 778 1619 comas
799 1577 996 1633 pulchras
1018 1577 1169 1619 fuisse:
1193 1585 1234 1619 at
1256 1578 1555 1631 eadenklaude
1575 1578 1746 1635 gloriari
1761 1585 1959 1634 poterant
1972 1579 2080 1621 Iuno
2089 1611 2100 1630 ,
2124 1579 2311 1632 Latona,

152 1649 329 1699 Musae,
359 1648 539 1697 Briseis,
570 1644 741 1686 Helena
771 1652 812 1686 et
845 1651 1063 1686 sexcentae
1093 1645 1318 1687 formosae·
1337 1645 1548 1687 mulieres.
1603 1645 1718 1687 Illud
1749 1653 1890 1688 autem
1919 1645 2097 1690 dubium
2125 1659 2216 1688 esse
2236 1648 2307 1691 vix

155 1722 316 1774 potest,
348 1717 469 1771 quin,
500 1715 534 1755 si
563 1715 657 1754 iure
686 1712 868 1754 iurando
892 1711 1053 1767 aliquid
1081 1712 1363 1765 obtestamur,
1394 1713 1438 1755 id
1467 1727 1645 1755 necesse
1676 1715 1729 1755 sit
1756 1715 1802 1755 in
1830 1727 2009 1755 numero
2034 1727 2134 1756 esse
2163 1727 2310 1758 earum

155 1784 318 1834 rerum,
358 1797 468 1838 quae
507 1783 691 1823 animum
725 1780 954 1822 humanum
984 1782 1153 1832 timore,
1189 1788 1324 1832 metu,
1362 1780 1568 1837 religione
1606 1780 1851 1836 percellant.
1910 1782 2006 1823 Iure
2038 1783 2167 1836 igitur
2202 1781 2310 1823 San-

156 1853 293 1896 tenius
330 1850 430 1891 mihi
467 1849 638 1905 quidem
674 1847 846 1889 videtur
882 1861 1059 1903 negare,
1106 1851 1295 1905 quamvis
1329 1849 1497 1905 pulchri
1533 1849 1674 1905 capilli
1701 1849 1927 1891 Minervae
1961 1846 2134 1900 fuerint,
2173 1847 2219 1891 id
2253 1848 2310 1892 ad

158 1921 273 1963 hunc
303 1917 465 1961 Tibulli
493 1917 634 1958 locum
666 1915 898 1971 quidquam
925 1915 1077 1958 facere.
1135 1917 1246 1959 Nam
1274 1919 1318 1959 in
1347 1916 1550 1968 iurando,
1588 1918 1745 1972 inquit,
1784 1923 1831 1957 ut
1858 1917 2059 1958 maiorem
2087 1914 2219 1969 fidem
2246 1916 2310 1959 fa-

158 1991 337 2037 ciamus,
366 1983 475 2027 illud
500 1989 761 2034 attestamur,
796 1997 882 2038 quo
914 1984 950 2024 si
981 1983 1183 2035 fallimus,
1213 1986 1572 2040 praesentissimas
1596 1984 1774 2039 periurii
1799 1996 1960 2039 poenas
1981 1989 2116 2025 sumat
2133 1996 2309 2028 numen:

158 2056 325 2098 Dianae
362 2067 452 2095 non
490 2066 631 2104 crura,
668 2050 882 2106 Apollinis
917 2065 1007 2092 non
1046 2053 1181 2094 crines
1220 2059 1292 2094 aut
1330 2052 1487 2108 lyram,
1522 2051 1598 2094 sed
1634 2053 1857 2107 u'triusque
1886 2064 2029 2092 arcum
2058 2056 2101 2092 et
2130 2050 2308 2106 sagittas

151 2124 279 2165 -Haec
307 2122 614 2177 argumentatio
645 2121 736 2174 ipsa
766 2133 843 2174 per
872 2132 918 2159 se
948 2118 1098 2174 plana,
1128 2122 1375 2175 perspicua,
1402 2118 1660 2175 probabilis,
1691 2120 1855 2175 egregie
1873 2117 2064 2160 firmatur
2087 2118 2212 2160 etiam
2236 2119 2307 2170 iis,

159 2205 270 2246 quae
292 2188 406 2245 apud
426 2186 670 2228 Iuvenalem
694 2186 808 2238 (Sat.
829 2186 941 2227 XIII.
962 2201 999 2228 v.
1025 2186 1080 2228 78
1100 2189 1218 2243 sqq.)
1239 2187 1447 2243 leguntur.
1482 2186 1632 2242 Itaque
1652 2188 1717 2227 vir
1736 2185 1888 2227 doctus
1909 2183 2081 2240 expulsa
2101 2185 2308 2241 scriptura
2338 2219 2341 2221 .

159 2258 330 2314 vulgata
359 2257 549 2311 reposuit
579 2254 633 2296 de
663 2255 910 2296 coniectura
942 2253 1124 2310 clipeos3
1153 2252 1231 2294 hos
1262 2251 1618 2294 Mitscherlichius
1647 2253 1894 2293 mutavit¹in
1924 2251 2101 2299 crista-35
2137 2250 2308 2294 Heinri-

160 2326 278 2368 chius
302 2331 441 2366 autem
472 2337 567 2364 cum
591 2323 656 2364 his
678 2322 910 2364 duumviris
939 2323 984 2362 in
1010 2335 1056 2362 re
1080 2323 1367 2372 consentiens,
1397 2327 1444 2362 ut
1473 2322 1707 2376 scripturae
1729 2320 1873 2362 crines
1893 2331 2016 2374 opem
2045 2317 2196 2369 ferret,
2223 2317 2307 2374 hoc

159 2392 375 2436 vocabulo
408 2393 590 2434 cristam
618 2389 847 2445 significari
877 2390 1152 2439 asseveravit,
1181 2387 1258 2429 sed
1287 2402 1429 2443 neque
1457 2387 1556 2430 loco
1587 2388 1817 2428 Homerico
1847 2386 1920 2438 (ll.
1941 2384 2072 2427 XXII.
2093 2385 2203 2438 315)
2231 2397 2308 2427 ne·

161 2462 247 2517 que
276 2458 419 2502 verbis
441 2458 562 2500 Statii
583 2456 748 2510 (Theb.
765 2456 882 2497 VIII.
900 2456 1010 2508 389)
1030 2455 1074 2498 id
1103 2454 1279 2511 probari
1309 2462 1461 2511 potest.
1505 2455 1583 2496 His
1613 2457 1741 2510 igitur
1769 2451 2044 2509 opinionibus
2073 2451 2306 2508 repudiatis

159 2529 382 2571 Dissenius
415 2524 704 2567 Brouckhusii
746 2525 998 2565 sententiam
1035 2523 1252 2578 amplexus
1291 2536 1372 2577 pro
1411 2521 1580 2578 vulgata
1616 2511 1825 2576 scriptura
1864 2521 2018 2561 acriter
2052 2524 2303 2574 propugnat.

160 2596 350 2646 Iuratur‚
385 2595 541 2648 inquit,
570 2606 650 2648 per
678 2591 742 2642 id,
773 2590 892 2647 quod
921 2592 1091 2646 utrique
1118 2591 1224 2632 deae
1253 2591 1527 2639 carissimum3
1559 2603 1646 2645 quo
1678 2594 1891 2630 contemto
1911 2588 2086 2628 maxime
2113 2586 2306 2632 irascitur

162 2676 379 2720 quaeque:
410 2663 518 2702 sitne
549 2674 596 2702 ea
626 2660 818 2714 corporis
839 2672 936 2713 pars
966 2671 1020 2699 an
1048 2657 1198 2708 telum,
1227 2655 1331 2712 quid
1360 2656 1513 2699 refert?
1543 2669 1685 2712 poena
1714 2661 1762 2697 ut
1789 2669 1842 2697 eo
1870 2656 1964 2710 ipso
1994 2658 2198 2705 sumatur,
2226 2665 2305 2708 per
2352 2688 2361 2693 ,

163 2730 283 2787 quod
318 2731 572 2785 peieratum‚
610 2741 700 2769 non
740 2738 850 2782 opus
886 2731 961 2767 est.
1020 2725 1140 2766 Haec
1176 2723 1269 2766 ille:
1308 2738 1454 2765 verum
1490 2726 1599 2765 enim
1637 2736 1744 2764 vero
1771 2736 1854 2765 nec
1883 2721 2215 2763 demonstratum
2242 2725 2308 2773 est

162 2812 304 2853 neque
326 2797 606 2838 demonstrari
626 2800 787 2849 potest,
819 2794 962 2835 crines
989 2806 1097 2834 suos
1118 2792 1340 2834 Minervae
1361 2792 1613 2834 carissimos
1642 2790 1790 2840 fuisse,
1819 2782 1899 2830 nisi
1920 2788 2031 2830 forte
2052 2788 2145 2842 quis
2165 2792 2306 2842 putat,

162 2865 374 2921 placuisse
404 2876 505 2904 suos
537 2863 672 2903 crines
701 2861 924 2901 Minervae
955 2865 1179 2915 tantopere
1209 2865 1454 2914 propterea,
1486 2860 1593 2913 quia.
1615 2859 1753 2899 crines
1785 2868 1938 2911 capere
1969 2854 2174 2896 noluerit:
2203 2849 2304 2905 sed,

163 2939 212 2975 ut
242 2931 343 2983 dixi,
372 2930 626 2972 Disseniana
654 2928 778 2970 huius
808 2927 896 2969 loci
925 2925 1234 2982 interpretandi
1259 2928 1367 2968 ratio
1397 2924 1624 2968 admodum
1653 2923 1818 2966 lubrica
1847 2928 1917 2971 est.
1942 2928 1983 2964 et
2010 2919 2189 2963 infirma.
2244 2918 2303 2961 At
