2462 3112
1189 166 1294 205 ΧΠ

160 282 288 316 retur.
350 275 496 332 ltaque
526 278 725 334 Heynius
746 311 755 329 ‚
797 279 1071 331 Huschkius,
1111 280 1180 322 alii
1213 283 1308 324 iure
1346 285 1597 340 scripturam
1635 285 1762 330 nullo
1804 293 1847 330 te
1890 294 2130 330 tenuerunt.
2187 289 2324 332 Recte

162 349 303 384 autem
332 342 558 387 Dissenius
589 346 723 397 vidit,
767 346 1008 404 Campania
1040 354 1164 390 terra
1194 364 1293 391 arva
1333 351 1418 392 dici
1449 350 1709 408 Campaniae
1745 353 1997 397 fertilissima
2017 389 2028 407 ,
2063 354 2220 412 quibus
2250 355 2325 398 ad-

160 411 394 452 iicerentur
422 413 572 454 m’neta
603 414 691 468 agri
720 413 895 456 Falerni
924 416 1292 471 praestantissima.
1340 416 1500 460 Verbis
1530 432 1639 461 cara
1662 418 1829 462 Bacchi
1858 423 2057 464 conferre
2086 425 2204 465 iuvat
2232 423 2326 469 Ho-.

160 479 324 519 tatiana
349 477 420 520 illa
449 481 466 531 (
477 479 529 521 11.
552 480 602 523 C.
624 481 705 533 6.):
736 487 777 522 et
807 483 964 523 amicus
991 481 1139 524 Aulon
1169 482 1296 525 fertili
1327 484 1498 526 Baccho
1528 487 1697 528 minime
1727 487 1920 530 Falernis
1949 489 2111 532 invidet
2142 492 2247 532 uvis.
2267 514 2322 521 —

161 559 201 585 v.
232 544 300 587 35.
330 544 548 588 Sententia
577 554 639 588 est
667 546 814 603 plana,
843 548 920 590 sed
944 549 1322 592 animadvertenda
1339 550 1526 593 brevitas
1545 551 1770 607 loquendi:
1802 553 1931 597 ovid.
1949 556 2120 598 Metam.
2139 555 2191 598 ΙΙ.
2208 555 2322 601 483.;

163 625 294 667 posse
324 612 446 668 loqui
477 616 663 669 eripitur.
709 614 784 656 Sil.
810 614 941 658 Italic.
963 616 1036 659 ΙΙΙ.
1061 617 1156 659 132.
1199 618 1377 660 Mavors
1408 620 1563 674 eripuit
1595 619 1779 663 evadere
1811 620 1957 663 letum:
1988 622 2145 678 quibus
2173 622 2323 665 similia

162 680 272 721 haec
299 687 417 722 sunt:
448 683 642 738 eriperes
668 681 774 724 >milu'
803 682 954 725 lucere
980 682 1144 726 sidera.
1187 685 1299 726 Nam
1327 686 1451 727 etiam
1479 699 1548 736 ea,
1577 700 1689 742 quae
1712 689 1884 739 scimus,
1914 695 2124 731 tenemus:
2155 689 2210 732 de
2229 691 2322 746 qui-

161 745 246 788 bus
279 746 408 789 rebus
439 750 474 790 si
505 750 600 804 quis
630 762 712 791 nos
746 752 940 792 oratione
970 750 1040 793 vel
1071 751 1355 794 obtestatione
1396 752 1570 795 deducit
1603 755 1690 795 sive
1721 753 1863 796 deiicit
1883 787 1894 806 ,
1934 757 2060 811 eripit
2097 771 2165 799 eas
2195 757 2322 801 nobis

162 822 364 870 tanquam
395 815 538 867 aliam,
569 830 854 873 quaecunque
883 817 954 859 illa
984 825 1062 869 est,
1091 822 1420 875 possessionem.
1456 820 1631 877 Ellipsis
1659 821 1775 863 nulla
1807 829 1871 864 est
1898 836 1979 864 nec
2005 823 2214 867 hocloco
2242 839 2322 868 nec

162 881 278 938 apud
309 883 457 925 Horat.
482 883 614 926 Serm.
636 884 689 925 ΙΙ.
710 884 758 935 2,
786 885 875 926 24.;
908 884 983 927 ubi
1013 886 1187 942 legitur:
1215 888 1283 928 vix
1314 895 1452 929 tamen
1481 889 1653 944 eripiam
1674 913 1728 920 —
1750 890 1854 945 quin
1882 889 1987 931 velis
2019 897 2181 947 tergere
2205 891 2322 947 pala-

161 957 263 991 tum.
303 950 540 993 illustratur
570 953 680 993 enim
712 953 775 994 vis
806 959 848 994 et
876 953 1126 1008 significatio
1157 953 1278 996 verbi
1308 957 1478 1012 eripere
1506 957 1557 997 iis
1575 987 1586 1007 ,
1626 971 1737 1012 quae
1770 956 1917 999 eadem
1946 956 2178 1000 verborum
2208 972 2323 1002 com-

162 1018 452 1073 prehensione
488 1021 776 1061 continentur.
828 1018 987 1062 Sidera
1017 1021 1131 1063 caeli
1164 1022 1549 1078 frequentissimum
1581 1030 1672 1065 est:
1711 1026 1785 1080 qui
1823 1024 1950 1066 eaelo
1987 1024 2116 1066 scribi
2144 1025 2320 1078 malunt,

162 1084 393 1127 ablativum
424 1101 518 1128 cum
548 1086 686 1128 verbo
718 1087 869 1130 lucere
897 1090 1098 1144 iungunt,
1130 1096 1178 1130 ut
1210 1089 1337 1131 caelo
1367 1103 1448 1145 pro
1475 1091 1521 1131 z'n
1551 1090 1676 1133 eaelo
1699 1093 1885 1146 positum
1915 1093 1980 1133 sit.
2020 1092 2138 1148 quod
2163 1094 2322 1150 impro-

161 1151 257 1194 bari
287 1155 457 1209 nequit:
488 1169 585 1195 nam
611 1168 787 1196 acumen
819 1158 1053 1197 sententiae
1085 1163 1170 1207 est,
1199 1171 1288 1198 non
1318 1155 1437 1212 quod
1468 1163 1578 1198 astra
1610 1157 1778 1200 luceant
1798 1182 1855 1189 -
1875 1158 2023 1201 lucent
2054 1161 2165 1202 enim
2196 1163 2320 1203 etiam

162 1220 270 1262 aliae
289 1235 358 1262 res
378 1244 434 1253 -—
452 1221 528 1264 sed
549 1221 667 1277 quod
688 1223 733 1263 in
754 1221 881 1264 caelo
909 1222 1101 1266 luceant.
1125 1248 1176 1258 —
1197 1226 1294 1266 viae
1313 1223 1526 1277 fulminis
1542 1240 1685 1280 purae
1705 1233 1932 1276 vocantur,
1964 1228 2063 1283 quia
2083 1227 2321 1270 aethereae

161 1295 262 1329 sunt
291 1301 369 1330 seu
397 1303 475 1344 per
504 1304 657 1345 purum
688 1303 830 1331 aerem
862 1290 916 1332 ad
947 1298 1104 1332 terram
1140 1293 1366 1347 pertinent.
1398 1316 1451 1324 ——-
1489 1307 1528 1333 v,
1555 1292 1623 1336 39.
1667 1291 1782 1345 Quid
1801 1293 2006 1347 faciam,
2041 1296 2125 1336 nisi
2153 1301 2199 1336 et
2227 1297 2320 1352 ipse

150 1354 291 1409 fores
321 1357 367 1398 in
397 1371 551 1399 amore
576 1357 780 1413 puellae?
821 1358 1038 1414 Heynius,
1070 1361 1139 1400 cui
1170 1359 1302 1402 altera
1333 1361 1540 1416 scriptura
1571 1359 1678 1416 quid
1696 1360 1886 1414 faceres
1915 1360 2096 1417 probata
2128 1370 2215 1414 est,
2249 1377 2319 1405 ex—

161 1422 309 1478 plicat:
337 1423 442 1478 quid
474 1423 658 1474 faceres,
686 1425 722 1465 si
745 1423 932 1479 puellam
956 1439 1044 1467 non
1072 1441 1231 1468 amares
1261 1426 1424 1482 illoque
1454 1426 1563 1469 adeo
1584 1443 1607 1469 a
1625 1429 1807 1471 'Nemesi
1826 1437 1941 1471 metu
1968 1433 2170 1472 vacares?
2200 1429 2319 1473 Con-

162 1493 290 1532 sentit
319 1490 577 1532 Huschkius.
626 1490 816 1546 Scaliger
845 1491 964 1534 dedit
993 1493 1100 1550 quid
1114 1493 1349 1547 facerem,
1382 1495 1696 1547 Lachmannus,
1729 1503 1771 1538 et
1803 1498 1877 1552 qui
1907 1511 2000 1539 eum
2033 1504 2204 1539 secutus
2235 1503 2318 1550 est,

160 1557 386 1600 Dissenius
420 1557 528 1615 quid
549 1557 740 1611 faciam.
785 1566 1012 1616 utrumque
1050 1563 1200 1603 nititur
1228 1564 1481 1604 auctoritate
1519 1562 1739 1605 librorum.
1797 1565 1940 1619 Atque
1974 1566 2182 1620 scriptura
2213 1563 2321 1621 quid

150 1624 331 1679 faciam
367 1639 456 1667 non
495 1626 626 1668 modo
665 1639 754 1668 non
788 1626 1016 1682 depravata
1056 1635 1150 1678 est,
1186 1628 1263 1670 sed
1301 1636 1486 1684 praestat
1526 1631 1647 1671 etiam
1685 1629 1820 1672 alteri.
1876 1630 2170 1673 Comminatur
2207 1633 2317 1672 enim

159 1699 291 1748 poeta
321 1695 490 1748 potius,
522 1708 649 1748 quam
681 1695 926 1750 interrogat.
983 1694 1176 1738 Faceres
1206 1698 1309 1751 quin
1340 1698 1529 1752 ineptum
1561 1699 1631 1747 sit,
1663 1696 1849 1739 dubitari
1879 1700 2041 1753 nequit.
2071 1698 2176 1753 quid
2207 1700 2317 1740 enim

159 1760 371 1816 reliquum
392 1768 498 1810 erat,
520 1760 639 1816 quod
661 1775 772 1816 puer
791 1761 979 1804 faceret?
1006 1762 1270 1806 Consecutio
1293 1771 1433 1805 autem
1456 1771 1694 1820 temporum
1717 1764 1770 1806 ad
1792 1763 2009 1821 vulgarem
2031 1767 2318 1822 grammatices

158 1830 366 1870 rationem
389 1827 511 1869 facile
542 1828 768 1884 redigitur,
798 1831 832 1870 si
863 1836 998 1872 totum
1019 1829 1161 1872 locum
1187 1831 1269 1872 hoc
1289 1831 1419 1873 modo
1447 1831 1672 1887 explanes:
1703 1830 1854 1888 dignus
1880 1831 2051 1887 quidem
2084 1847 2148 1883 es,
2181 1847 2202 1874 a
2228 1846 2316 1889 quo

159 1909 345 1952 poenam
380 1894 587 1951 perfidiae
617 1897 794 1952 exigam,
831 1903 872 1938 et
901 1899 959 1939 ita
988 1897 1187 1940 facerem:
1219 1898 1295 1940 sed
1327 1913 1420 1940 cum
1452 1913 1596 1941 amore
1625 1898 1798 1955 puellae
1831 1906 1978 1955 captus
2009 1902 2085 1950 sis,
2122 1899 2226 1942 nihil
2256 1899 2318 1941 fa-

160 1965 266 2004 ciam
285 1995 294 2012 ,
332 1965 411 2005 nisi
442 1970 489 2004 ut
519 1977 697 2019 precer,
734 1971 782 2005 ut
811 1964 956 2020 puella
986 1964 1153 2007 levitate
1184 1973 1226 2008 te
1253 1968 1511 2022 aequiparet.
1543 1989 1596 1998 —
1633 1981 1671 2008 v.
1702 1967 1769 2009 45.
1817 1966 1940 2010 Nam
1966 1974 2184 2024 poteram.
2231 1967 2317 2009 Iam

158 2029 347 2087 Vulpius
373 2032 568 2082 monuit,
608 2032 690 2072 vim
730 2030 855 2074 huius
894 2033 1130 2088 particulae
1160 2033 1312 2075 referri
1342 2033 1396 2075 ad
1427 2048 1576 2076 vocem
1600 2034 1748 2076 stulte.
1804 2033 1904 2076 Iure
1943 2037 2069 2090 igitur
2098 2035 2316 2091 Heynius,

159 2096 406 2138 Huschkius
425 2128 435 2147 ,
475 2097 769 2139 Lachmannus
788 2131 797 2149 ‚
835 2099 1062 2141 Dissenius
1090 2115 1183 2142 non
1201 2133 1214 2151 ,
1248 2100 1366 2156 quod
1396 2101 1586 2157 Scaliger
1616 2109 1656 2143 et
1684 2101 1984 2145 Broukhusius
2015 2116 2064 2143 ex
2093 2103 2315 2158 perpaucis

158 2163 280 2206 libris
310 2172 618 2220 reposuerant,
656 2165 947 2220 repudiarunt.
1002 2167 1152 2209 Paullo
1192 2168 1300 2210 infra
1331 2183 1368 2210 v.
1399 2169 1465 2211 48.
1521 2169 1695 2210 Mureto
1726 2167 1853 2210 scribi
1890 2167 2051 2224 placuit
2082 2175 2156 2219 at,
2196 2167 2316 2225 quod

158 2231 358 2286 Heynius
388 2231 603 2286 eleganter
633 2231 791 2274 dictum
823 2236 890 2276 ait.
940 2234 1232 2276 Lachmannus
1260 2250 1308 2276 ex
1340 2234 1459 2277 libris
1491 2235 1608 2278 dedit
1639 2242 1705 2285 et,
1735 2237 1866 2277 ceteri
1890 2241 1948 2278 at.
1980 2234 2188 2291 Equidem
2219 2250 2314 2277 cum

157 2306 300 2340 verto:
331 2299 404 2349 Ja,
435 2300 488 2340 im
509 2298 818 2342 verblendeten
837 2300 969 2343 Sinne
992 2302 1146 2357 pilegte
1175 2303 1242 2343 ich
1263 2317 1389 2358 sogar
1411 2302 1509 2344 dein
1530 2301 1624 2344 Lob
1656 2317 1710 2344 zu
1740 2304 1907 2358 singen,
1937 2301 2025 2344 und
2057 2316 2144 2344 nun
2167 2308 2314 2358 argere

157 2366 227 2408 ich
256 2367 366 2407 mich
397 2365 507 2408 uber
535 2367 644 2408 mich
678 2367 767 2410 und
796 2371 963 2410 meinen
996 2368 1187 2425 Gesang,
1223 2383 1311 2411 non
1340 2370 1492 2421 video,
1523 2384 1600 2411 cur
1629 2370 1829 2411 Dissenio
1860 2375 1904 2411 et
1935 2370 2194 2411 stomachum
2223 2384 2315 2412 mo·

156 2435 288 2483 verit,
318 2436 565 2488 praesertim
596 2449 690 2476 cum
720 2438 930 2478 sententia
959 2439 1196 2479 accuratius
1223 2439 1456 2479 examinata
1486 2437 1591 2478 haec
1619 2439 1697 2478 sit:
1734 2436 1824 2478 und
1847 2451 1936 2478 was
1970 2436 2083 2478 habe
2107 2437 2174 2478 ich
2206 2437 2315 2490 jetzt

156 2499 326 2541 davon?
353 2514 436 2541 nur
452 2490 604 2556 Arger.
635 2508 900 2557 quapropter
923 2502 1043 2544 addit
1065 2509 1211 2558 poeta,
1241 2505 1377 2559 ipsum
1402 2505 1483 2545 iam
1511 2506 1732 2559 poenitere
1761 2503 1831 2545 illa
1860 2501 2044 2544 carmina
2072 2502 2234 2544 fecisse.
2259 2528 2310 2536 —

155 2581 194 2609 v.
216 2568 283 2609 51.
316 2567 451 2622 Quod
473 2567 684 2610 distichon
706 2569 903 2624 Heynius
930 2571 1111 2611 eiectum
1140 2569 1254 2619 vult,
1288 2569 1531 2611 Huschkius
1563 2584 1614 2611 ex
1634 2572 1821 2626 margine
1852 2569 2078 2611 arbitratur
2102 2571 2146 2611 in
2176 2571 2312 2625 ipsum

157 2648 326 2675 camien
354 2641 514 2676 temere
542 2642 758 2691 receptum
790 2649 903 2687 esse,
942 2636 984 2678 id
1017 2639 1178 2692 optimo
1208 2638 1302 2679 iure
1341 2644 1486 2679 tuetur
1513 2637 1749 2679 Dissenius.
1797 2637 1971 2678 Dixerat
2006 2651 2134 2692 supra
2163 2643 2313 2692 poeta,

155 2715 202 2743 se
255 2703 502 2743 amicissime
521 2734 532 2752 ‚
581 2702 880 2745 fraudulenter
928 2717 1108 2758 puerum
1153 2705 1314 2759 egisse:
1368 2706 1449 2745 iam
1502 2702 1655 2746 dolore
1700 2717 1900 2746 accensus
1954 2702 2089 2745 libere
2140 2703 2314 2755 effatur,

152 2782 337 2823 puerum
371 2775 453 2809 tam
483 2767 565 2811 sibi
594 2771 775 2811 invisum
805 2784 921 2821 esse,
960 2777 1008 2812 ut
1036 2770 1191 2826 procul
1221 2785 1245 2812 a
1275 2785 1322 2812 se
1354 2785 1450 2812 eum
1481 2770 1634 2812 abesse
1664 2772 1832 2827 cupiat:
1872 2770 1950 2812 sed
1980 2772 2016 2812 is
2045 2772 2137 2826 ipse
2167 2769 2314 2821 dolor,

153 2837 228 2890 qui
261 2835 370 2876 hanc
398 2849 549 2877 vocem
581 2838 805 2891 expressit,
834 2838 938 2878 iram
969 2840 1155 2880 concitat
1182 2839 1228 2880 in
1255 2839 1383 2894 pueri
1410 2844 1729 2894 corruptorem,
1759 2839 1803 2880 in
1835 2851 1960 2893 quem
1989 2843 2118 2892 poeta
2139 2839 2315 2879 maxima

152 2916 249 2943 cum
280 2901 509 2944 acerbitate
542 2904 782 2955 invehitur,
816 2904 917 2946 dum
955 2919 1138 2960 puerum
1175 2907 1367 2961 quamvis
1397 2905 1505 2948 male
1542 2905 1598 2947 de
1637 2919 1682 2947 se
1712 2906 1901 2947 meritum
1940 2906 2087 2960 paucis
2125 2903 2313 2955 dimittit,

152 2974 337 3010 extremo
370 2969 539 3011 demum
571 2972 753 3013 carmine
785 2971 1008 3014 discidium
1041 2976 1081 3015 ei
1111 2973 1449 3016 denuntiaturus.
1489 2973 1611 3015 Haec
1633 2975 1774 3015 omnia
1795 2972 1959 3022 dolori,
1990 2985 2077 3027 quo
2108 2979 2193 3013 tum
2225 2973 2314 3013 ani-

2394 491 2418 516 θ’
