<?xml version="1.0" encoding="UTF-8"?>
<!DOCTYPE html PUBLIC "-//W3C//DTD XHTML 1.0 Transitional//EN"
    "http://www.w3.org/TR/xhtml1/DTD/xhtml1-transitional.dtd">
<html xmlns="http://www.w3.org/1999/xhtml" xml:lang="en" lang="en">
 <head>
  <title>
</title>
<meta http-equiv="Content-Type" content="text/html;charset=utf-8" />
  <meta name='ocr-system' content='tesseract 3.04.00' />
  <meta name='ocr-capabilities' content='ocr_page ocr_carea ocr_par ocr_line ocrx_word'/>
</head>
<body>
  <div class='ocr_page' id='page_1' title='image "annotationesadti00rigluoft_0085.png"; bbox 0 0 2462 3112; ppageno 0'>
   <div class='ocr_carea' id='block_1_1' title="bbox 155 224 2339 2951">
    <p class='ocr_par' dir='ltr' id='par_1_1' title="bbox 155 224 2339 2951">
     <span class='ocr_line' id='line_1_1' title="bbox 168 224 2338 291; baseline -0.004 -15"><span class='ocrx_word' id='word_1_1' title='bbox 168 231 318 291; x_wconf 61' lang='lat' dir='ltr'>pullo</span> <span class='ocrx_word' id='word_1_2' title='bbox 344 245 477 287; x_wconf 71' lang='lat' dir='ltr'>supra</span> <span class='ocrx_word' id='word_1_3' title='bbox 501 227 868 284; x_wconf 67' lang='lat' dir='ltr'>formamdicitur</span> <span class='ocrx_word' id='word_1_4' title='bbox 896 226 1078 270; x_wconf 85' lang='lat' dir='ltr'><strong>dedisse.</strong></span> <span class='ocrx_word' id='word_1_5' title='bbox 1129 226 1238 269; x_wconf 85' lang='lat' dir='ltr'>Mihi</span> <span class='ocrx_word' id='word_1_6' title='bbox 1264 239 1506 282; x_wconf 81' lang='lat' dir='ltr'><strong>pronomen</strong></span> <span class='ocrx_word' id='word_1_7' title='bbox 1532 224 1625 276; x_wconf 80' lang='lat' dir='ltr'>liic,</span> <span class='ocrx_word' id='word_1_8' title='bbox 1654 239 1750 267; x_wconf 89' lang='lat' dir='ltr'>cum</span> <span class='ocrx_word' id='word_1_9' title='bbox 1779 239 1938 269; x_wconf 87' lang='lat' dir='ltr'>nomen</span> <span class='ocrx_word' id='word_1_10' title='bbox 1966 225 2156 269; x_wconf 73' lang='lat' dir='ltr'>Amoris</span> <span class='ocrx_word' id='word_1_11' title='bbox 2184 224 2338 269; x_wconf 77' lang='lat' dir='ltr'>subse·-</span> 
     </span>
     <span class='ocr_line' id='line_1_2' title="bbox 166 292 2337 358; baseline -0.003 -14"><span class='ocrx_word' id='word_1_12' title='bbox 166 304 355 358; x_wconf 66' lang='grc' dir='ltr'>ῲοίιιτ,</span> <span class='ocrx_word' id='word_1_13' title='bbox 399 297 674 343; x_wconf 69' lang='lat' dir='ltr'>vehementer</span> <span class='ocrx_word' id='word_1_14' title='bbox 712 294 922 352; x_wconf 88' lang='lat' dir='ltr'>displicet.</span> <span class='ocrx_word' id='word_1_15' title='bbox 958 294 1042 350; x_wconf 79' lang='lat' dir='ltr'>legi</span> <span class='ocrx_word' id='word_1_16' title='bbox 1071 294 1211 336; x_wconf 88' lang='lat' dir='ltr'>malim</span> <span class='ocrx_word' id='word_1_17' title='bbox 1239 293 1338 336; x_wconf 84' lang='lat' dir='ltr'>vel:</span> <span class='ocrx_word' id='word_1_18' title='bbox 1378 296 1461 336; x_wconf 88' lang='lat' dir='ltr'>iam</span> <span class='ocrx_word' id='word_1_19' title='bbox 1492 295 1634 336; x_wconf 87' lang='lat' dir='ltr'>omnia</span> <span class='ocrx_word' id='word_1_20' title='bbox 1672 292 1897 349; x_wconf 76' lang='lat' dir='ltr'>expedita.</span> <span class='ocrx_word' id='word_1_21' title='bbox 1933 301 2063 350; x_wconf 87' lang='lat' dir='ltr'>poeta</span> <span class='ocrx_word' id='word_1_22' title='bbox 2092 293 2198 338; x_wconf 88' lang='lat' dir='ltr'>dicit</span> <span class='ocrx_word' id='word_1_23' title='bbox 2223 292 2337 338; x_wconf 76' lang='lat' dir='ltr'>haec</span> 
     </span>
     <span class='ocr_line' id='line_1_3' title="bbox 168 359 2335 426; baseline -0.001 -17"><span class='ocrx_word' id='word_1_24' title='bbox 168 367 360 426; x_wconf 60' lang='lat' dir='ltr'>&amp;nique</span> <span class='ocrx_word' id='word_1_25' title='bbox 386 375 535 411; x_wconf 72' lang='lat' dir='ltr'>numu</span> <span class='ocrx_word' id='word_1_26' title='bbox 543 363 665 418; x_wconf 78' lang='lat' dir='ltr'>fecit</span> <span class='ocrx_word' id='word_1_27' title='bbox 694 366 720 406; x_wconf 91' lang='lat' dir='ltr'>i.</span> <span class='ocrx_word' id='word_1_28' title='bbox 753 378 788 406; x_wconf 90' lang='lat' dir='ltr'>e.</span> <span class='ocrx_word' id='word_1_29' title='bbox 816 362 944 413; x_wconf 80' lang='lat' dir='ltr'>kun,</span> <span class='ocrx_word' id='word_1_30' title='bbox 975 362 1052 405; x_wconf 91' lang='lat' dir='ltr'>das</span> <span class='ocrx_word' id='word_1_31' title='bbox 1082 376 1174 404; x_wconf 81' lang='lat' dir='ltr'>war</span> <span class='ocrx_word' id='word_1_32' title='bbox 1203 362 1274 404; x_wconf 91' lang='lat' dir='ltr'>die</span> <span class='ocrx_word' id='word_1_33' title='bbox 1299 361 1509 412; x_wconf 78' lang='lat' dir='ltr'>Ursaclie,</span> <span class='ocrx_word' id='word_1_34' title='bbox 1539 360 1705 404; x_wconf 85' lang='lat' dir='ltr'>welche</span> <span class='ocrx_word' id='word_1_35' title='bbox 1734 359 1965 412; x_wconf 85' lang='lat' dir='ltr'>hewirkte,</span> <span class='ocrx_word' id='word_1_36' title='bbox 1997 369 2043 404; x_wconf 92' lang='lat' dir='ltr'>ut</span> <span class='ocrx_word' id='word_1_37' title='bbox 2073 362 2239 406; x_wconf 85' lang='lat' dir='ltr'>infamis</span> <span class='ocrx_word' id='word_1_38' title='bbox 2266 362 2335 406; x_wconf 78' lang='lat' dir='ltr'>vel</span> 
     </span>
     <span class='ocr_line' id='line_1_4' title="bbox 168 420 2334 482; baseline -0.002 -2"><span class='ocrx_word' id='word_1_39' title='bbox 168 437 286 480; x_wconf 71' lang='lat' dir='ltr'>dous</span> <span class='ocrx_word' id='word_1_40' title='bbox 295 441 416 478; x_wconf 72' lang='lat' dir='ltr'>esset</span> <span class='ocrx_word' id='word_1_41' title='bbox 435 435 587 482; x_wconf 76' lang='lat' dir='ltr'>Arn&#39;or3</span> <span class='ocrx_word' id='word_1_42' title='bbox 617 420 692 474; x_wconf 81' lang='lat' dir='ltr'>das</span> <span class='ocrx_word' id='word_1_43' title='bbox 673 447 713 474; x_wconf 73' lang='lat' dir='ltr'>ss</span> <span class='ocrx_word' id='word_1_44' title='bbox 743 430 879 473; x_wconf 88' lang='lat' dir='ltr'>selbst</span> <span class='ocrx_word' id='word_1_45' title='bbox 907 430 988 473; x_wconf 88' lang='lat' dir='ltr'>der</span> <span class='ocrx_word' id='word_1_46' title='bbox 1016 429 1124 472; x_wconf 88' lang='lat' dir='ltr'>Gott</span> <span class='ocrx_word' id='word_1_47' title='bbox 1146 431 1280 472; x_wconf 88' lang='lat' dir='ltr'>Amor</span> <span class='ocrx_word' id='word_1_48' title='bbox 1306 432 1351 472; x_wconf 91' lang='lat' dir='ltr'>in</span> <span class='ocrx_word' id='word_1_49' title='bbox 1381 428 1515 472; x_wconf 81' lang='lat' dir='ltr'>iiblen</span> <span class='ocrx_word' id='word_1_50' title='bbox 1545 429 1638 472; x_wconf 73' lang='lat' dir='ltr'>Rus</span> <span class='ocrx_word' id='word_1_51' title='bbox 1662 428 1774 471; x_wconf 85' lang='lat' dir='ltr'>kam.</span> <span class='ocrx_word' id='word_1_52' title='bbox 1805 429 1918 471; x_wconf 86' lang='lat' dir='ltr'>conf.</span> <span class='ocrx_word' id='word_1_53' title='bbox 1945 430 1983 481; x_wconf 91' lang='lat'>1,</span> <span class='ocrx_word' id='word_1_54' title='bbox 2014 430 2062 481; x_wconf 87' lang='lat'>8,</span> <span class='ocrx_word' id='word_1_55' title='bbox 2092 431 2160 474; x_wconf 85' lang='lat'>53.</span> <span class='ocrx_word' id='word_1_56' title='bbox 2200 429 2334 475; x_wconf 81' lang='lat' dir='ltr'>ovid.</span> 
     </span>
     <span class='ocr_line' id='line_1_5' title="bbox 166 496 2333 555; baseline -0.002 -7"><span class='ocrx_word' id='word_1_57' title='bbox 166 500 666 554; x_wconf 68' lang='lat' dir='ltr'>mt.1u2,4662111a</span> <span class='ocrx_word' id='word_1_58' title='bbox 693 498 764 541; x_wconf 75' lang='lat' dir='ltr'>vel</span> <span class='ocrx_word' id='word_1_59' title='bbox 792 499 986 555; x_wconf 90' lang='lat' dir='ltr'>Hispano</span> <span class='ocrx_word' id='word_1_60' title='bbox 1016 497 1124 541; x_wconf 88' lang='lat' dir='ltr'>lecta</span> <span class='ocrx_word' id='word_1_61' title='bbox 1154 499 1208 540; x_wconf 85' lang='lat' dir='ltr'>sit</span> <span class='ocrx_word' id='word_1_62' title='bbox 1237 513 1321 540; x_wconf 88' lang='lat' dir='ltr'>uva</span> <span class='ocrx_word' id='word_1_63' title='bbox 1350 500 1466 554; x_wconf 78' lang='lat' dir='ltr'>iugo.</span> <span class='ocrx_word' id='word_1_64' title='bbox 1497 521 1552 529; x_wconf 95' lang='lat'>—</span> <span class='ocrx_word' id='word_1_65' title='bbox 1582 513 1622 539; x_wconf 75' lang='lat' dir='ltr'>v,</span> <span class='ocrx_word' id='word_1_66' title='bbox 1652 497 1720 539; x_wconf 88' lang='grc'>40.</span> <span class='ocrx_word' id='word_1_67' title='bbox 1753 496 1958 554; x_wconf 75' lang='lat' dir='ltr'><strong><em>Eripiunt</em></strong></span> <span class='ocrx_word' id='word_1_68' title='bbox 1985 504 2145 554; x_wconf 82' lang='lat' dir='ltr'>partas</span> <span class='ocrx_word' id='word_1_69' title='bbox 2173 505 2333 544; x_wconf 68' lang='lat' dir='ltr'>tentus</span> 
     </span>
     <span class='ocr_line' id='line_1_6' title="bbox 166 563 2336 630; baseline -0.003 -14"><span class='ocrx_word' id='word_1_70' title='bbox 166 573 363 630; x_wconf 65' lang='lat' dir='ltr'>dignis</span> <span class='ocrx_word' id='word_1_71' title='bbox 393 583 531 628; x_wconf 81' lang='lat' dir='ltr'>opes..</span> <span class='ocrx_word' id='word_1_72' title='bbox 562 569 696 612; x_wconf 85' lang='lat' dir='ltr'>Simili</span> <span class='ocrx_word' id='word_1_73' title='bbox 724 567 856 611; x_wconf 88' lang='lat' dir='ltr'>modo</span> <span class='ocrx_word' id='word_1_74' title='bbox 889 568 1084 623; x_wconf 87' lang='lat' dir='ltr'>Propert.</span> <span class='ocrx_word' id='word_1_75' title='bbox 1115 567 1176 617; x_wconf 86' lang='lat'>11,</span> <span class='ocrx_word' id='word_1_76' title='bbox 1208 567 1278 618; x_wconf 87' lang='lat'>16,</span> <span class='ocrx_word' id='word_1_77' title='bbox 1309 566 1383 608; x_wconf 80' lang='lat'>43:</span> <span class='ocrx_word' id='word_1_78' title='bbox 1416 567 1536 608; x_wconf 88' lang='lat' dir='ltr'>Haec</span> <span class='ocrx_word' id='word_1_79' title='bbox 1561 563 1728 607; x_wconf 84' lang='lat' dir='ltr'>videam</span> <span class='ocrx_word' id='word_1_80' title='bbox 1757 564 1930 621; x_wconf 89' lang='lat' dir='ltr'>rapidas</span> <span class='ocrx_word' id='word_1_81' title='bbox 1960 566 2004 607; x_wconf 86' lang='lat' dir='ltr'>in</span> <span class='ocrx_word' id='word_1_82' title='bbox 2035 580 2189 608; x_wconf 87' lang='lat' dir='ltr'>vanum</span> <span class='ocrx_word' id='word_1_83' title='bbox 2220 567 2336 613; x_wconf 79' lang='lat' dir='ltr'>serre</span> 
     </span>
     <span class='ocr_line' id='line_1_7' title="bbox 167 634 2334 697; baseline -0.002 -15"><span class='ocrx_word' id='word_1_84' title='bbox 167 638 398 697; x_wconf 73' lang='lat' dir='ltr'>procellas.</span> <span class='ocrx_word' id='word_1_85' title='bbox 428 637 581 693; x_wconf 74' lang='lat' dir='ltr'>virgil.</span> <span class='ocrx_word' id='word_1_86' title='bbox 601 639 707 680; x_wconf 86' lang='lat' dir='ltr'>Aen.</span> <span class='ocrx_word' id='word_1_87' title='bbox 731 636 772 685; x_wconf 91' lang='lat'>1,</span> <span class='ocrx_word' id='word_1_88' title='bbox 802 636 870 678; x_wconf 88' lang='lat'>59.</span> <span class='ocrx_word' id='word_1_89' title='bbox 902 637 1063 692; x_wconf 86' lang='lat' dir='ltr'>quippe</span> <span class='ocrx_word' id='word_1_90' title='bbox 1091 635 1232 677; x_wconf 83' lang='lat' dir='ltr'>ferant</span> <span class='ocrx_word' id='word_1_91' title='bbox 1260 635 1400 692; x_wconf 88' lang='lat' dir='ltr'>rapidi</span> <span class='ocrx_word' id='word_1_92' title='bbox 1429 640 1573 677; x_wconf 82' lang='lat' dir='ltr'>secum</span> <span class='ocrx_word' id='word_1_93' title='bbox 1603 641 1867 690; x_wconf 85' lang='lat' dir='ltr'>verrantque</span> <span class='ocrx_word' id='word_1_94' title='bbox 1896 649 1975 690; x_wconf 91' lang='lat' dir='ltr'>per</span> <span class='ocrx_word' id='word_1_95' title='bbox 2004 650 2141 678; x_wconf 87' lang='lat' dir='ltr'>auras.</span> <span class='ocrx_word' id='word_1_96' title='bbox 2198 634 2334 690; x_wconf 83' lang='lat' dir='ltr'>Quod</span> 
     </span>
     <span class='ocr_line' id='line_1_8' title="bbox 167 701 2335 762; baseline -0.002 -11"><span class='ocrx_word' id='word_1_97' title='bbox 167 711 207 752; x_wconf 73' lang='grc' dir='ltr'>οἱ</span> <span class='ocrx_word' id='word_1_98' title='bbox 234 708 319 750; x_wconf 89' lang='lat' dir='ltr'>hoc</span> <span class='ocrx_word' id='word_1_99' title='bbox 346 707 448 749; x_wconf 90' lang='lat' dir='ltr'>loco</span> <span class='ocrx_word' id='word_1_100' title='bbox 477 713 604 762; x_wconf 83' lang='lat' dir='ltr'>poeta</span> <span class='ocrx_word' id='word_1_101' title='bbox 635 704 738 748; x_wconf 86' lang='lat' dir='ltr'>solis</span> <span class='ocrx_word' id='word_1_102' title='bbox 768 706 905 746; x_wconf 90' lang='lat' dir='ltr'>ventis</span> <span class='ocrx_word' id='word_1_103' title='bbox 936 718 1026 745; x_wconf 89' lang='lat' dir='ltr'>cam</span> <span class='ocrx_word' id='word_1_104' title='bbox 1056 704 1320 760; x_wconf 85' lang='lat' dir='ltr'>provinciam</span> <span class='ocrx_word' id='word_1_105' title='bbox 1350 703 1558 754; x_wconf 81' lang='lat' dir='ltr'>dedisset,</span> <span class='ocrx_word' id='word_1_106' title='bbox 1587 705 1824 758; x_wconf 82' lang='lat' dir='ltr'>scripturae</span> <span class='ocrx_word' id='word_1_107' title='bbox 1853 701 2122 760; x_wconf 84' lang='lat' dir='ltr'>diripiantur</span> <span class='ocrx_word' id='word_1_108' title='bbox 2149 705 2335 759; x_wconf 76' lang='lat' dir='ltr'>patroci-</span> 
     </span>
     <span class='ocr_line' id='line_1_9' title="bbox 168 770 2335 827; baseline -0.003 -8"><span class='ocrx_word' id='word_1_109' title='bbox 168 776 358 820; x_wconf 85' lang='lat' dir='ltr'>nandum</span> <span class='ocrx_word' id='word_1_110' title='bbox 390 775 512 818; x_wconf 85' lang='lat' dir='ltr'>foret.</span> <span class='ocrx_word' id='word_1_111' title='bbox 565 776 625 816; x_wconf 84' lang='lat' dir='ltr'>At</span> <span class='ocrx_word' id='word_1_112' title='bbox 653 771 856 816; x_wconf 84' lang='lat' dir='ltr'>inccndio</span> <span class='ocrx_word' id='word_1_113' title='bbox 888 772 980 814; x_wconf 87' lang='lat' dir='ltr'>vult</span> <span class='ocrx_word' id='word_1_114' title='bbox 1011 781 1054 814; x_wconf 90' lang='lat' dir='ltr'>et</span> <span class='ocrx_word' id='word_1_115' title='bbox 1080 774 1223 814; x_wconf 84' lang='lat' dir='ltr'>ventis</span> <span class='ocrx_word' id='word_1_116' title='bbox 1253 774 1344 814; x_wconf 89' lang='lat' dir='ltr'>eius</span> <span class='ocrx_word' id='word_1_117' title='bbox 1375 774 1458 813; x_wconf 89' lang='lat' dir='ltr'>vim</span> <span class='ocrx_word' id='word_1_118' title='bbox 1497 770 1812 814; x_wconf 80' lang='lat' dir='ltr'>concitantibus</span> <span class='ocrx_word' id='word_1_119' title='bbox 1842 785 1946 827; x_wconf 89' lang='lat' dir='ltr'>opes</span> <span class='ocrx_word' id='word_1_120' title='bbox 1975 771 2147 827; x_wconf 87' lang='lat' dir='ltr'>puellae</span> <span class='ocrx_word' id='word_1_121' title='bbox 2177 770 2335 815; x_wconf 85' lang='lat' dir='ltr'>deleri:</span> 
     </span>
     <span class='ocr_line' id='line_1_10' title="bbox 169 839 2332 900; baseline -0.003 -12"><span class='ocrx_word' id='word_1_122' title='bbox 169 846 328 888; x_wconf 69' lang='lat' dir='ltr'>metius</span> <span class='ocrx_word' id='word_1_123' title='bbox 353 846 482 900; x_wconf 84' lang='lat' dir='ltr'>igitur</span> <span class='ocrx_word' id='word_1_124' title='bbox 511 844 714 899; x_wconf 74' lang='lat' dir='ltr'>eripiant.</span> <span class='ocrx_word' id='word_1_125' title='bbox 744 865 799 872; x_wconf 89' lang='lat'>—</span> <span class='ocrx_word' id='word_1_126' title='bbox 837 856 876 882; x_wconf 85' lang='lat' dir='ltr'>v.</span> <span class='ocrx_word' id='word_1_127' title='bbox 908 841 975 882; x_wconf 77' lang='lat'>44.</span> <span class='ocrx_word' id='word_1_128' title='bbox 1015 846 1211 882; x_wconf 84' lang='lat' dir='ltr'>moestas</span> <span class='ocrx_word' id='word_1_129' title='bbox 1248 842 1294 882; x_wconf 85' lang='lat' dir='ltr'>in</span> <span class='ocrx_word' id='word_1_130' title='bbox 1329 843 1553 897; x_wconf 74' lang='lat' dir='ltr'>exequias.</span> <span class='ocrx_word' id='word_1_131' title='bbox 1612 839 1741 882; x_wconf 79' lang='lat' dir='ltr'>Cous.</span> <span class='ocrx_word' id='word_1_132' title='bbox 1771 840 1918 883; x_wconf 86' lang='lat' dir='ltr'>Horat.</span> <span class='ocrx_word' id='word_1_133' title='bbox 1949 840 2083 883; x_wconf 90' lang='lat' dir='ltr'>Serm.</span> <span class='ocrx_word' id='word_1_134' title='bbox 2114 840 2154 892; x_wconf 93' lang='lat'>1,</span> <span class='ocrx_word' id='word_1_135' title='bbox 2184 840 2233 891; x_wconf 85' lang='lat'>8,</span> <span class='ocrx_word' id='word_1_136' title='bbox 2265 840 2332 883; x_wconf 84' lang='lat'>15.</span> 
     </span>
     <span class='ocr_line' id='line_1_11' title="bbox 170 907 2332 969; baseline -0.002 -13"><span class='ocrx_word' id='word_1_137' title='bbox 170 912 320 969; x_wconf 74' lang='lat' dir='ltr'>virgil.</span> <span class='ocrx_word' id='word_1_138' title='bbox 350 913 458 955; x_wconf 83' lang='lat' dir='ltr'>Aen.</span> <span class='ocrx_word' id='word_1_139' title='bbox 491 911 571 962; x_wconf 81' lang='grc' dir='ltr'>ΙΙΙ,</span> <span class='ocrx_word' id='word_1_140' title='bbox 600 911 669 952; x_wconf 74' lang='grc'>64.</span> <span class='ocrx_word' id='word_1_141' title='bbox 698 934 750 941; x_wconf 94' lang='lat'><em>-</em></span> <span class='ocrx_word' id='word_1_142' title='bbox 785 925 824 951; x_wconf 91' lang='lat' dir='ltr'>v.</span> <span class='ocrx_word' id='word_1_143' title='bbox 855 909 922 952; x_wconf 86' lang='lat'>56.</span> <span class='ocrx_word' id='word_1_144' title='bbox 971 908 1187 951; x_wconf 81' lang='lat' dir='ltr'>Thessala</span> <span class='ocrx_word' id='word_1_145' title='bbox 1222 914 1346 951; x_wconf 81' lang='lat' dir='ltr'>terra</span> <span class='ocrx_word' id='word_1_146' title='bbox 1375 911 1506 967; x_wconf 82' lang='lat' dir='ltr'>gerit.</span> <span class='ocrx_word' id='word_1_147' title='bbox 1556 908 1606 950; x_wconf 89' lang='lat' dir='ltr'>ln</span> <span class='ocrx_word' id='word_1_148' title='bbox 1634 908 1748 951; x_wconf 90' lang='lat' dir='ltr'>libro</span> <span class='ocrx_word' id='word_1_149' title='bbox 1779 909 1984 964; x_wconf 79' lang='lat' dir='ltr'>Regiensi</span> <span class='ocrx_word' id='word_1_150' title='bbox 2015 909 2120 965; x_wconf 87' lang='lat' dir='ltr'>Lep.</span> <span class='ocrx_word' id='word_1_151' title='bbox 2151 907 2332 964; x_wconf 84' lang='lat' dir='ltr'>aliisque</span> 
     </span>
     <span class='ocr_line' id='line_1_12' title="bbox 167 975 2337 1038; baseline -0.001 -14"><span class='ocrx_word' id='word_1_152' title='bbox 167 980 425 1038; x_wconf 62' lang='lat' dir='ltr'>qmbusdam</span> <span class='ocrx_word' id='word_1_153' title='bbox 457 978 681 1022; x_wconf 87' lang='lat' dir='ltr'>codicibus</span> <span class='ocrx_word' id='word_1_154' title='bbox 712 979 921 1034; x_wconf 86' lang='lat' dir='ltr'>reperitur</span> <span class='ocrx_word' id='word_1_155' title='bbox 949 976 1083 1020; x_wconf 83' lang='lat' dir='ltr'>dedit.</span> <span class='ocrx_word' id='word_1_156' title='bbox 1129 977 1368 1019; x_wconf 83' lang='lat' dir='ltr'>Perfectum</span> <span class='ocrx_word' id='word_1_157' title='bbox 1399 975 1523 1021; x_wconf 81' lang='lat' dir='ltr'>dedit</span> <span class='ocrx_word' id='word_1_158' title='bbox 1552 980 1663 1019; x_wconf 89' lang='lat' dir='ltr'>inter</span> <span class='ocrx_word' id='word_1_159' title='bbox 1693 979 1932 1033; x_wconf 88' lang='lat' dir='ltr'>praesentia</span> <span class='ocrx_word' id='word_1_160' title='bbox 1958 976 2092 1019; x_wconf 78' lang='lat' dir='ltr'>habet</span> <span class='ocrx_word' id='word_1_161' title='bbox 2121 984 2165 1019; x_wconf 91' lang='lat' dir='ltr'>et</span> <span class='ocrx_word' id='word_1_162' title='bbox 2192 977 2337 1021; x_wconf 81' lang='lat' dir='ltr'>stillat</span> 
     </span>
     <span class='ocr_line' id='line_1_13' title="bbox 167 1046 2334 1104; baseline -0.002 -12"><span class='ocrx_word' id='word_1_163' title='bbox 167 1048 381 1092; x_wconf 70' lang='lat' dir='ltr'>offendit:</span> <span class='ocrx_word' id='word_1_164' title='bbox 418 1062 500 1091; x_wconf 89' lang='lat' dir='ltr'>nec</span> <span class='ocrx_word' id='word_1_165' title='bbox 535 1047 634 1091; x_wconf 70' lang='lat' dir='ltr'>ulla-</span> <span class='ocrx_word' id='word_1_166' title='bbox 650 1049 799 1088; x_wconf 86' lang='lat' dir='ltr'>mutati</span> <span class='ocrx_word' id='word_1_167' title='bbox 837 1048 1040 1102; x_wconf 88' lang='lat' dir='ltr'>temporis</span> <span class='ocrx_word' id='word_1_168' title='bbox 1079 1047 1188 1087; x_wconf 88' lang='lat' dir='ltr'>ratio</span> <span class='ocrx_word' id='word_1_169' title='bbox 1229 1048 1455 1101; x_wconf 84' lang='lat' dir='ltr'>excogitari</span> <span class='ocrx_word' id='word_1_170' title='bbox 1491 1052 1647 1102; x_wconf 87' lang='lat' dir='ltr'>potest.</span> <span class='ocrx_word' id='word_1_171' title='bbox 1707 1046 1826 1087; x_wconf 89' lang='lat' dir='ltr'>Vera</span> <span class='ocrx_word' id='word_1_172' title='bbox 1863 1047 2073 1102; x_wconf 85' lang='lat' dir='ltr'>scriptura</span> <span class='ocrx_word' id='word_1_173' title='bbox 2104 1053 2168 1088; x_wconf 85' lang='lat' dir='ltr'>est</span> <span class='ocrx_word' id='word_1_174' title='bbox 2201 1047 2334 1104; x_wconf 78' lang='lat' dir='ltr'>gerit.</span> 
     </span>
     <span class='ocr_line' id='line_1_14' title="bbox 168 1112 2334 1170; baseline -0.003 -9"><span class='ocrx_word' id='word_1_175' title='bbox 168 1117 284 1161; x_wconf 83' lang='lat' dir='ltr'>conf.</span> <span class='ocrx_word' id='word_1_176' title='bbox 306 1116 438 1161; x_wconf 80' lang='lat' dir='ltr'>ovid.</span> <span class='ocrx_word' id='word_1_177' title='bbox 468 1117 639 1160; x_wconf 84' lang='lat' dir='ltr'>Metam.</span> <span class='ocrx_word' id='word_1_178' title='bbox 661 1116 740 1166; x_wconf 83' lang='lat' dir='ltr'>lx,</span> <span class='ocrx_word' id='word_1_179' title='bbox 770 1115 876 1157; x_wconf 79' lang='lat'><strong>230:</strong></span> <span class='ocrx_word' id='word_1_180' title='bbox 909 1113 1139 1157; x_wconf 83' lang='lat' dir='ltr'>arboribus</span> <span class='ocrx_word' id='word_1_181' title='bbox 1169 1116 1321 1164; x_wconf 87' lang='lat' dir='ltr'>caesis,</span> <span class='ocrx_word' id='word_1_182' title='bbox 1350 1129 1457 1170; x_wconf 85' lang='lat' dir='ltr'>quas</span> <span class='ocrx_word' id='word_1_183' title='bbox 1485 1114 1617 1156; x_wconf 87' lang='lat' dir='ltr'>ardua</span> <span class='ocrx_word' id='word_1_184' title='bbox 1642 1121 1829 1170; x_wconf 77' lang='lat' dir='ltr'>gesserat</span> <span class='ocrx_word' id='word_1_185' title='bbox 1853 1113 1979 1156; x_wconf 85' lang='lat' dir='ltr'>Oete.</span> <span class='ocrx_word' id='word_1_186' title='bbox 2000 1113 2151 1169; x_wconf 71' lang='lat' dir='ltr'>Vin-gil.</span> <span class='ocrx_word' id='word_1_187' title='bbox 2174 1112 2334 1169; x_wconf 76' lang='lat' dir='ltr'>Georg-</span> 
     </span>
     <span class='ocr_line' id='line_1_15' title="bbox 169 1180 2334 1242; baseline -0.002 -13"><span class='ocrx_word' id='word_1_188' title='bbox 169 1187 230 1237; x_wconf 83' lang='lat' dir='ltr'>lt,</span> <span class='ocrx_word' id='word_1_189' title='bbox 265 1186 374 1229; x_wconf 79' lang='lat'>122:</span> <span class='ocrx_word' id='word_1_190' title='bbox 411 1200 522 1242; x_wconf 88' lang='lat' dir='ltr'>quos</span> <span class='ocrx_word' id='word_1_191' title='bbox 557 1186 667 1241; x_wconf 78' lang='lat' dir='ltr'>gerit</span> <span class='ocrx_word' id='word_1_192' title='bbox 705 1183 824 1226; x_wconf 84' lang='lat' dir='ltr'>ludia</span> <span class='ocrx_word' id='word_1_193' title='bbox 864 1183 1000 1225; x_wconf 90' lang='lat' dir='ltr'>lucos.</span> <span class='ocrx_word' id='word_1_194' title='bbox 1038 1207 1092 1214; x_wconf 93' lang='lat'><em>-</em></span> <span class='ocrx_word' id='word_1_195' title='bbox 1138 1182 1189 1227; x_wconf 88' lang='lat' dir='ltr'>C.</span> <span class='ocrx_word' id='word_1_196' title='bbox 1220 1184 1276 1225; x_wconf 80' lang='lat' dir='ltr'>V.</span> <span class='ocrx_word' id='word_1_197' title='bbox 1306 1198 1346 1225; x_wconf 82' lang='lat' dir='ltr'>v.</span> <span class='ocrx_word' id='word_1_198' title='bbox 1381 1183 1422 1224; x_wconf 88' lang='lat'>3.</span> <span class='ocrx_word' id='word_1_199' title='bbox 1472 1181 1611 1226; x_wconf 84' lang='lat' dir='ltr'>Nunc</span> <span class='ocrx_word' id='word_1_200' title='bbox 1647 1198 1813 1240; x_wconf 82' lang='lat' dir='ltr'>precor</span> <span class='ocrx_word' id='word_1_201' title='bbox 1850 1181 1914 1224; x_wconf 86' lang='lat' dir='ltr'>ad</span> <span class='ocrx_word' id='word_1_202' title='bbox 1953 1180 2110 1224; x_wconf 83' lang='lat' dir='ltr'>laudes</span> <span class='ocrx_word' id='word_1_203' title='bbox 2139 1182 2334 1233; x_wconf 81' lang='lat' dir='ltr'>flectere</span> 
     </span>
     <span class='ocr_line' id='line_1_16' title="bbox 167 1250 2335 1309; baseline -0.003 -11"><span class='ocrx_word' id='word_1_204' title='bbox 167 1254 304 1298; x_wconf 61' lang='lat' dir='ltr'>merlin</span> <span class='ocrx_word' id='word_1_205' title='bbox 332 1250 467 1297; x_wconf 72' lang='lat' dir='ltr'>meas.</span> <span class='ocrx_word' id='word_1_206' title='bbox 515 1253 564 1296; x_wconf 87' lang='lat' dir='ltr'>ln</span> <span class='ocrx_word' id='word_1_207' title='bbox 597 1254 743 1309; x_wconf 86' lang='lat' dir='ltr'>paucis</span> <span class='ocrx_word' id='word_1_208' title='bbox 778 1251 899 1294; x_wconf 87' lang='lat' dir='ltr'>libris</span> <span class='ocrx_word' id='word_1_209' title='bbox 929 1251 1186 1307; x_wconf 90' lang='lat' dir='ltr'>quibusdam</span> <span class='ocrx_word' id='word_1_210' title='bbox 1218 1258 1280 1293; x_wconf 82' lang='lat' dir='ltr'>est</span> <span class='ocrx_word' id='word_1_211' title='bbox 1309 1258 1432 1293; x_wconf 84' lang='lat' dir='ltr'>tuas:</span> <span class='ocrx_word' id='word_1_212' title='bbox 1463 1266 1573 1307; x_wconf 89' lang='lat' dir='ltr'>quae</span> <span class='ocrx_word' id='word_1_213' title='bbox 1603 1253 1814 1307; x_wconf 85' lang='lat' dir='ltr'>scriptura</span> <span class='ocrx_word' id='word_1_214' title='bbox 1846 1258 1912 1292; x_wconf 91' lang='lat' dir='ltr'>est</span> <span class='ocrx_word' id='word_1_215' title='bbox 1940 1251 2080 1293; x_wconf 87' lang='lat' dir='ltr'>nihili:</span> <span class='ocrx_word' id='word_1_216' title='bbox 2111 1250 2335 1292; x_wconf 86' lang='lat' dir='ltr'>Messalini</span> 
     </span>
     <span class='ocr_line' id='line_1_17' title="bbox 168 1315 2334 1378; baseline -0.003 -11"><span class='ocrx_word' id='word_1_217' title='bbox 168 1324 279 1367; x_wconf 73' lang='lat' dir='ltr'>eni-</span> <span class='ocrx_word' id='word_1_218' title='bbox 298 1355 309 1373; x_wconf 92' lang='lat'>,</span> <span class='ocrx_word' id='word_1_219' title='bbox 345 1336 435 1366; x_wconf 88' lang='lat' dir='ltr'>non</span> <span class='ocrx_word' id='word_1_220' title='bbox 469 1321 682 1378; x_wconf 80' lang='lat' dir='ltr'>Apollinis</span> <span class='ocrx_word' id='word_1_221' title='bbox 714 1320 864 1362; x_wconf 85' lang='lat' dir='ltr'>laudes</span> <span class='ocrx_word' id='word_1_222' title='bbox 894 1327 1022 1376; x_wconf 87' lang='lat' dir='ltr'>poeta</span> <span class='ocrx_word' id='word_1_223' title='bbox 1052 1318 1350 1362; x_wconf 80' lang='lat' dir='ltr'>celebraturus</span> <span class='ocrx_word' id='word_1_224' title='bbox 1379 1326 1454 1362; x_wconf 90' lang='lat' dir='ltr'>est.</span> <span class='ocrx_word' id='word_1_225' title='bbox 1510 1321 1560 1362; x_wconf 88' lang='lat' dir='ltr'>ln</span> <span class='ocrx_word' id='word_1_226' title='bbox 1589 1319 1680 1361; x_wconf 88' lang='lat' dir='ltr'>aliis</span> <span class='ocrx_word' id='word_1_227' title='bbox 1710 1318 1830 1361; x_wconf 90' lang='lat' dir='ltr'>libris</span> <span class='ocrx_word' id='word_1_228' title='bbox 1860 1320 2071 1375; x_wconf 89' lang='lat' dir='ltr'>reperitur</span> <span class='ocrx_word' id='word_1_229' title='bbox 2097 1316 2158 1360; x_wconf 85' lang='lat' dir='ltr'>ad</span> <span class='ocrx_word' id='word_1_230' title='bbox 2186 1315 2334 1361; x_wconf 71' lang='lat' dir='ltr'>laudis</span> 
     </span>
     <span class='ocr_line' id='line_1_18' title="bbox 156 1386 2333 1445; baseline -0.003 -9"><span class='ocrx_word' id='word_1_231' title='bbox 156 1392 353 1444; x_wconf 75' lang='lat' dir='ltr'>flectere</span> <span class='ocrx_word' id='word_1_232' title='bbox 381 1390 518 1434; x_wconf 83' lang='lat' dir='ltr'>verba</span> <span class='ocrx_word' id='word_1_233' title='bbox 546 1389 727 1434; x_wconf 85' lang='lat' dir='ltr'>modos:</span> <span class='ocrx_word' id='word_1_234' title='bbox 759 1388 878 1445; x_wconf 91' lang='lat' dir='ltr'>quod</span> <span class='ocrx_word' id='word_1_235' title='bbox 904 1387 1151 1431; x_wconf 87' lang='lat' dir='ltr'>Huschkius</span> <span class='ocrx_word' id='word_1_236' title='bbox 1182 1389 1375 1444; x_wconf 88' lang='lat' dir='ltr'>recipere</span> <span class='ocrx_word' id='word_1_237' title='bbox 1406 1401 1495 1430; x_wconf 91' lang='lat' dir='ltr'>non</span> <span class='ocrx_word' id='word_1_238' title='bbox 1526 1386 1751 1429; x_wconf 83' lang='lat' dir='ltr'>dubitavit:</span> <span class='ocrx_word' id='word_1_239' title='bbox 1783 1401 1862 1443; x_wconf 91' lang='lat' dir='ltr'>pro</span> <span class='ocrx_word' id='word_1_240' title='bbox 1883 1386 2046 1430; x_wconf 85' lang='lat' dir='ltr'>modos</span> <span class='ocrx_word' id='word_1_241' title='bbox 2076 1394 2217 1428; x_wconf 87' lang='lat' dir='ltr'>tamen</span> <span class='ocrx_word' id='word_1_242' title='bbox 2245 1401 2333 1429; x_wconf 85' lang='lat' dir='ltr'>ma-</span> 
     </span>
     <span class='ocr_line' id='line_1_19' title="bbox 167 1454 2333 1517; baseline -0.004 -13"><span class='ocrx_word' id='word_1_243' title='bbox 167 1461 260 1504; x_wconf 73' lang='lat' dir='ltr'>vult</span> <span class='ocrx_word' id='word_1_244' title='bbox 296 1463 497 1517; x_wconf 82' lang='lat' dir='ltr'>scriptum</span> <span class='ocrx_word' id='word_1_245' title='bbox 526 1460 679 1502; x_wconf 83' lang='lat' dir='ltr'>melos.</span> <span class='ocrx_word' id='word_1_246' title='bbox 742 1460 942 1514; x_wconf 87' lang='lat' dir='ltr'>Hcynius</span> <span class='ocrx_word' id='word_1_247' title='bbox 973 1465 1102 1514; x_wconf 81' lang='lat' dir='ltr'>negat</span> <span class='ocrx_word' id='word_1_248' title='bbox 1138 1456 1286 1500; x_wconf 81' lang='lat' dir='ltr'>laudis</span> <span class='ocrx_word' id='word_1_249' title='bbox 1315 1454 1477 1499; x_wconf 87' lang='lat' dir='ltr'>modos</span> <span class='ocrx_word' id='word_1_250' title='bbox 1512 1455 1597 1499; x_wconf 92' lang='lat' dir='ltr'>dici</span> <span class='ocrx_word' id='word_1_251' title='bbox 1634 1460 1854 1512; x_wconf 86' lang='lat' dir='ltr'>potuisse:</span> <span class='ocrx_word' id='word_1_252' title='bbox 1893 1455 2168 1497; x_wconf 88' lang='lat' dir='ltr'>scribendum</span> <span class='ocrx_word' id='word_1_253' title='bbox 2201 1455 2333 1496; x_wconf 79' lang='lat' dir='ltr'>fuisse</span> 
     </span>
     <span class='ocr_line' id='line_1_20' title="bbox 168 1521 2334 1586; baseline -0.004 -13"><span class='ocrx_word' id='word_1_254' title='bbox 168 1531 372 1586; x_wconf 73' lang='lat' dir='ltr'>opinatur</span> <span class='ocrx_word' id='word_1_255' title='bbox 399 1529 574 1579; x_wconf 74' lang='lat' dir='ltr'>Latios,</span> <span class='ocrx_word' id='word_1_256' title='bbox 609 1528 755 1571; x_wconf 73' lang='lat' dir='ltr'>laetos</span> <span class='ocrx_word' id='word_1_257' title='bbox 785 1535 857 1570; x_wconf 86' lang='lat' dir='ltr'>aut</span> <span class='ocrx_word' id='word_1_258' title='bbox 891 1527 1027 1581; x_wconf 80' lang='lat' dir='ltr'>simile</span> <span class='ocrx_word' id='word_1_259' title='bbox 1058 1525 1174 1582; x_wconf 91' lang='lat' dir='ltr'>quid.</span> <span class='ocrx_word' id='word_1_260' title='bbox 1228 1526 1368 1567; x_wconf 83' lang='lat' dir='ltr'>Etiam</span> <span class='ocrx_word' id='word_1_261' title='bbox 1397 1526 1544 1568; x_wconf 88' lang='lat' dir='ltr'>Vossii</span> <span class='ocrx_word' id='word_1_262' title='bbox 1578 1526 1728 1567; x_wconf 87' lang='lat' dir='ltr'>mirum</span> <span class='ocrx_word' id='word_1_263' title='bbox 1759 1531 2044 1567; x_wconf 88' lang='lat' dir='ltr'>commentum</span> <span class='ocrx_word' id='word_1_264' title='bbox 2079 1522 2141 1566; x_wconf 85' lang='lat' dir='ltr'>ad</span> <span class='ocrx_word' id='word_1_265' title='bbox 2176 1521 2334 1566; x_wconf 85' lang='lat' dir='ltr'>laudes</span> 
     </span>
     <span class='ocr_line' id='line_1_21' title="bbox 155 1588 2332 1648; baseline -0.002 -9"><span class='ocrx_word' id='word_1_266' title='bbox 155 1597 352 1648; x_wconf 76' lang='lat' dir='ltr'>flectere</span> <span class='ocrx_word' id='word_1_267' title='bbox 389 1596 524 1639; x_wconf 84' lang='lat' dir='ltr'>verba</span> <span class='ocrx_word' id='word_1_268' title='bbox 562 1595 706 1638; x_wconf 69' lang='lat' dir='ltr'>modis</span> <span class='ocrx_word' id='word_1_269' title='bbox 745 1595 800 1638; x_wconf 88' lang='lat' dir='ltr'>ab</span> <span class='ocrx_word' id='word_1_270' title='bbox 837 1594 1061 1637; x_wconf 84' lang='lat' dir='ltr'>Huschkio</span> <span class='ocrx_word' id='word_1_271' title='bbox 1100 1602 1142 1636; x_wconf 90' lang='lat' dir='ltr'>et</span> <span class='ocrx_word' id='word_1_272' title='bbox 1180 1588 1386 1636; x_wconf 79' lang='lat' dir='ltr'>Dissenio</span> <span class='ocrx_word' id='word_1_273' title='bbox 1422 1592 1589 1648; x_wconf 90' lang='lat' dir='ltr'>pridem</span> <span class='ocrx_word' id='word_1_274' title='bbox 1627 1592 1861 1635; x_wconf 84' lang='lat' dir='ltr'>refutatum</span> <span class='ocrx_word' id='word_1_275' title='bbox 1903 1599 1978 1634; x_wconf 89' lang='lat' dir='ltr'>est.</span> <span class='ocrx_word' id='word_1_276' title='bbox 2038 1592 2332 1634; x_wconf 85' lang='lat' dir='ltr'>Lachmannus</span> 
     </span>
     <span class='ocr_line' id='line_1_22' title="bbox 168 1660 2331 1708; baseline -0.003 0"><span class='ocrx_word' id='word_1_277' title='bbox 168 1664 411 1708; x_wconf 78' lang='lat' dir='ltr'>emendavit</span> <span class='ocrx_word' id='word_1_278' title='bbox 439 1661 563 1707; x_wconf 76' lang='lat' dir='ltr'>inea:</span> <span class='ocrx_word' id='word_1_279' title='bbox 593 1663 703 1707; x_wconf 89' lang='lat' dir='ltr'>idem</span> <span class='ocrx_word' id='word_1_280' title='bbox 735 1665 979 1705; x_wconf 89' lang='lat' dir='ltr'>coniecerat</span> <span class='ocrx_word' id='word_1_281' title='bbox 1007 1662 1246 1704; x_wconf 87' lang='lat' dir='ltr'>Dissenius.</span> <span class='ocrx_word' id='word_1_282' title='bbox 1308 1662 1385 1704; x_wconf 89' lang='lat' dir='ltr'>Est</span> <span class='ocrx_word' id='word_1_283' title='bbox 1414 1661 1521 1704; x_wconf 91' lang='lat' dir='ltr'>haec</span> <span class='ocrx_word' id='word_1_284' title='bbox 1552 1661 1792 1704; x_wconf 82' lang='lat' dir='ltr'>emendatio</span> <span class='ocrx_word' id='word_1_285' title='bbox 1827 1675 1930 1703; x_wconf 90' lang='lat' dir='ltr'>sane</span> <span class='ocrx_word' id='word_1_286' title='bbox 1971 1660 2190 1705; x_wconf 80' lang='lat' dir='ltr'>facillima:</span> <span class='ocrx_word' id='word_1_287' title='bbox 2231 1675 2331 1702; x_wconf 86' lang='lat' dir='ltr'>num</span> 
     </span>
     <span class='ocr_line' id='line_1_23' title="bbox 168 1728 2334 1787; baseline -0.002 -12"><span class='ocrx_word' id='word_1_288' title='bbox 168 1745 276 1775; x_wconf 71' lang='lat' dir='ltr'>vero</span> <span class='ocrx_word' id='word_1_289' title='bbox 304 1730 469 1775; x_wconf 71' lang='lat' dir='ltr'>laudes</span> <span class='ocrx_word' id='word_1_290' title='bbox 503 1739 586 1774; x_wconf 84' lang='lat' dir='ltr'>tam</span> <span class='ocrx_word' id='word_1_291' title='bbox 616 1732 733 1774; x_wconf 89' lang='lat' dir='ltr'>nude</span> <span class='ocrx_word' id='word_1_292' title='bbox 763 1733 868 1787; x_wconf 88' lang='lat' dir='ltr'>poni</span> <span class='ocrx_word' id='word_1_293' title='bbox 897 1732 1112 1786; x_wconf 90' lang='lat' dir='ltr'>potuerit,</span> <span class='ocrx_word' id='word_1_294' title='bbox 1142 1729 1267 1772; x_wconf 83' lang='lat' dir='ltr'>valde</span> <span class='ocrx_word' id='word_1_295' title='bbox 1297 1729 1465 1772; x_wconf 89' lang='lat' dir='ltr'>dubito.</span> <span class='ocrx_word' id='word_1_296' title='bbox 1515 1730 1623 1772; x_wconf 84' lang='lat' dir='ltr'>Mihi</span> <span class='ocrx_word' id='word_1_297' title='bbox 1651 1729 1758 1771; x_wconf 89' lang='lat' dir='ltr'>nihil</span> <span class='ocrx_word' id='word_1_298' title='bbox 1788 1731 1964 1771; x_wconf 88' lang='lat' dir='ltr'>omnino</span> <span class='ocrx_word' id='word_1_299' title='bbox 1994 1728 2242 1771; x_wconf 85' lang='lat' dir='ltr'>mutandum</span> <span class='ocrx_word' id='word_1_300' title='bbox 2271 1730 2334 1771; x_wconf 82' lang='lat' dir='ltr'>vi·</span> 
     </span>
     <span class='ocr_line' id='line_1_24' title="bbox 170 1797 2332 1856; baseline -0.002 -12"><span class='ocrx_word' id='word_1_301' title='bbox 170 1800 312 1845; x_wconf 74' lang='lat' dir='ltr'>detur.</span> <span class='ocrx_word' id='word_1_302' title='bbox 353 1801 492 1843; x_wconf 84' lang='lat' dir='ltr'>Poeta</span> <span class='ocrx_word' id='word_1_303' title='bbox 515 1802 650 1843; x_wconf 82' lang='lat' dir='ltr'>maius</span> <span class='ocrx_word' id='word_1_304' title='bbox 681 1799 842 1856; x_wconf 88' lang='lat' dir='ltr'>aliquid</span> <span class='ocrx_word' id='word_1_305' title='bbox 873 1807 913 1842; x_wconf 89' lang='lat' dir='ltr'>et</span> <span class='ocrx_word' id='word_1_306' title='bbox 942 1800 1112 1854; x_wconf 81' lang='lat' dir='ltr'>gravius</span> <span class='ocrx_word' id='word_1_307' title='bbox 1142 1813 1313 1841; x_wconf 85' lang='lat' dir='ltr'>carmen</span> <span class='ocrx_word' id='word_1_308' title='bbox 1341 1801 1577 1854; x_wconf 88' lang='lat' dir='ltr'>scripturus</span> <span class='ocrx_word' id='word_1_309' title='bbox 1607 1805 1829 1855; x_wconf 86' lang='lat' dir='ltr'>precatur,</span> <span class='ocrx_word' id='word_1_310' title='bbox 1859 1805 1907 1840; x_wconf 91' lang='lat' dir='ltr'>ut</span> <span class='ocrx_word' id='word_1_311' title='bbox 1929 1797 2087 1854; x_wconf 87' lang='lat' dir='ltr'>Apollo</span> <span class='ocrx_word' id='word_1_312' title='bbox 2116 1799 2207 1853; x_wconf 91' lang='lat' dir='ltr'>ipse</span> <span class='ocrx_word' id='word_1_313' title='bbox 2237 1812 2332 1839; x_wconf 91' lang='lat' dir='ltr'>cum</span> 
     </span>
     <span class='ocr_line' id='line_1_25' title="bbox 169 1865 2335 1924; baseline -0.002 -11"><span class='ocrx_word' id='word_1_314' title='bbox 169 1868 344 1914; x_wconf 73' lang='lat' dir='ltr'>cithara</span> <span class='ocrx_word' id='word_1_315' title='bbox 374 1867 727 1924; x_wconf 75' lang='lat' dir='ltr'>carminibusque</span> <span class='ocrx_word' id='word_1_316' title='bbox 758 1869 921 1909; x_wconf 86' lang='lat' dir='ltr'>veniat:</span> <span class='ocrx_word' id='word_1_317' title='bbox 952 1869 1022 1908; x_wconf 88' lang='lat' dir='ltr'>cui</span> <span class='ocrx_word' id='word_1_318' title='bbox 1052 1868 1247 1908; x_wconf 89' lang='lat' dir='ltr'>carminis</span> <span class='ocrx_word' id='word_1_319' title='bbox 1278 1866 1457 1909; x_wconf 81' lang='lat' dir='ltr'>exordio</span> <span class='ocrx_word' id='word_1_320' title='bbox 1495 1868 1748 1922; x_wconf 87' lang='lat' dir='ltr'>interpretes</span> <span class='ocrx_word' id='word_1_321' title='bbox 1780 1865 2004 1908; x_wconf 89' lang='lat' dir='ltr'>commode</span> <span class='ocrx_word' id='word_1_322' title='bbox 2033 1872 2335 1921; x_wconf 86' lang='lat' dir='ltr'>compararunt</span> 
     </span>
     <span class='ocr_line' id='line_1_26' title="bbox 170 1933 2335 1991; baseline -0.001 -11"><span class='ocrx_word' id='word_1_323' title='bbox 170 1938 453 1980; x_wconf 78' lang='lat' dir='ltr'>Horatianum</span> <span class='ocrx_word' id='word_1_324' title='bbox 483 1935 610 1981; x_wconf 82' lang='lat' dir='ltr'>illud:</span> <span class='ocrx_word' id='word_1_325' title='bbox 642 1934 854 1977; x_wconf 86' lang='lat' dir='ltr'>descende</span> <span class='ocrx_word' id='word_1_326' title='bbox 885 1934 1007 1977; x_wconf 88' lang='lat' dir='ltr'>caelo</span> <span class='ocrx_word' id='word_1_327' title='bbox 1040 1942 1081 1976; x_wconf 90' lang='lat' dir='ltr'>et</span> <span class='ocrx_word' id='word_1_328' title='bbox 1112 1934 1180 1976; x_wconf 92' lang='lat' dir='ltr'>dic</span> <span class='ocrx_word' id='word_1_329' title='bbox 1210 1949 1286 1990; x_wconf 85' lang='lat' dir='ltr'>age</span> <span class='ocrx_word' id='word_1_330' title='bbox 1316 1934 1419 1976; x_wconf 86' lang='lat' dir='ltr'>tibia</span> <span class='ocrx_word' id='word_1_331' title='bbox 1441 1949 1502 1991; x_wconf 91' lang='lat' dir='ltr'>sq.</span> <span class='ocrx_word' id='word_1_332' title='bbox 1534 1934 1617 1987; x_wconf 88' lang='lat' dir='ltr'>(C.</span> <span class='ocrx_word' id='word_1_333' title='bbox 1641 1934 1721 1986; x_wconf 89' lang='lat' dir='ltr'>Ill,</span> <span class='ocrx_word' id='word_1_334' title='bbox 1752 1935 1798 1986; x_wconf 85' lang='lat'>4,</span> <span class='ocrx_word' id='word_1_335' title='bbox 1831 1935 1855 1976; x_wconf 93' lang='grc'>1</span> <span class='ocrx_word' id='word_1_336' title='bbox 1876 1937 2001 1991; x_wconf 88' lang='lat' dir='ltr'>sqq.).</span> <span class='ocrx_word' id='word_1_337' title='bbox 2047 1933 2230 1976; x_wconf 80' lang='lat' dir='ltr'>Cithara</span> <span class='ocrx_word' id='word_1_338' title='bbox 2260 1933 2335 1977; x_wconf 83' lang='lat' dir='ltr'>de-</span> 
     </span>
     <span class='ocr_line' id='line_1_27' title="bbox 169 2002 2335 2062; baseline -0.002 -13"><span class='ocrx_word' id='word_1_339' title='bbox 169 2009 307 2062; x_wconf 73' lang='lat' dir='ltr'>signat</span> <span class='ocrx_word' id='word_1_340' title='bbox 341 2012 509 2047; x_wconf 88' lang='lat' dir='ltr'>cantum</span> <span class='ocrx_word' id='word_1_341' title='bbox 548 2003 619 2046; x_wconf 81' lang='lat' dir='ltr'>vel</span> <span class='ocrx_word' id='word_1_342' title='bbox 658 2003 836 2046; x_wconf 87' lang='lat' dir='ltr'>modos:</span> <span class='ocrx_word' id='word_1_343' title='bbox 885 2018 1066 2046; x_wconf 79' lang='lat' dir='ltr'>carmen</span> <span class='ocrx_word' id='word_1_344' title='bbox 1105 2017 1308 2045; x_wconf 91' lang='lat' dir='ltr'>numeros</span> <span class='ocrx_word' id='word_1_345' title='bbox 1347 2018 1397 2045; x_wconf 91' lang='lat' dir='ltr'>ac</span> <span class='ocrx_word' id='word_1_346' title='bbox 1432 2016 1576 2045; x_wconf 87' lang='lat' dir='ltr'>voces.</span> <span class='ocrx_word' id='word_1_347' title='bbox 1642 2003 1793 2058; x_wconf 90' lang='lat' dir='ltr'>Itaque</span> <span class='ocrx_word' id='word_1_348' title='bbox 1837 2002 1974 2045; x_wconf 85' lang='lat' dir='ltr'>altero</span> <span class='ocrx_word' id='word_1_349' title='bbox 2017 2002 2197 2044; x_wconf 89' lang='lat' dir='ltr'>disticho</span> <span class='ocrx_word' id='word_1_350' title='bbox 2237 2017 2335 2045; x_wconf 89' lang='lat' dir='ltr'>cum</span> 
     </span>
     <span class='ocr_line' id='line_1_28' title="bbox 168 2069 2335 2127; baseline -0.001 -10"><span class='ocrx_word' id='word_1_351' title='bbox 168 2074 294 2118; x_wconf 75' lang='lat' dir='ltr'>dicit:</span> <span class='ocrx_word' id='word_1_352' title='bbox 322 2087 439 2116; x_wconf 85' lang='lat' dir='ltr'>nunc</span> <span class='ocrx_word' id='word_1_353' title='bbox 467 2080 510 2116; x_wconf 89' lang='lat' dir='ltr'>te</span> <span class='ocrx_word' id='word_1_354' title='bbox 539 2071 711 2114; x_wconf 84' lang='lat' dir='ltr'>vocales</span> <span class='ocrx_word' id='word_1_355' title='bbox 739 2071 958 2127; x_wconf 87' lang='lat' dir='ltr'>impellere</span> <span class='ocrx_word' id='word_1_356' title='bbox 988 2070 1145 2127; x_wconf 88' lang='lat' dir='ltr'>pollice</span> <span class='ocrx_word' id='word_1_357' title='bbox 1175 2070 1355 2113; x_wconf 87' lang='lat' dir='ltr'>chordas</span> <span class='ocrx_word' id='word_1_358' title='bbox 1373 2105 1383 2121; x_wconf 83' lang='lat'>,</span> <span class='ocrx_word' id='word_1_359' title='bbox 1414 2071 1545 2113; x_wconf 88' lang='lat' dir='ltr'>Nunc</span> <span class='ocrx_word' id='word_1_360' title='bbox 1573 2085 1731 2126; x_wconf 89' lang='lat' dir='ltr'>precor</span> <span class='ocrx_word' id='word_1_361' title='bbox 1752 2070 1806 2113; x_wconf 89' lang='lat' dir='ltr'>ad</span> <span class='ocrx_word' id='word_1_362' title='bbox 1835 2070 1984 2112; x_wconf 89' lang='lat' dir='ltr'>laudes</span> <span class='ocrx_word' id='word_1_363' title='bbox 2005 2070 2178 2112; x_wconf 88' lang='lat' dir='ltr'>flectere</span> <span class='ocrx_word' id='word_1_364' title='bbox 2200 2069 2335 2114; x_wconf 75' lang='lat' dir='ltr'>verba</span> 
     </span>
     <span class='ocr_line' id='line_1_29' title="bbox 169 2138 2337 2196; baseline -0.002 -11"><span class='ocrx_word' id='word_1_365' title='bbox 169 2157 302 2190; x_wconf 79' lang='lat' dir='ltr'>meas:</span> <span class='ocrx_word' id='word_1_366' title='bbox 339 2141 452 2185; x_wconf 89' lang='lat' dir='ltr'>idem</span> <span class='ocrx_word' id='word_1_367' title='bbox 484 2140 602 2191; x_wconf 90' lang='lat' dir='ltr'>dicit,</span> <span class='ocrx_word' id='word_1_368' title='bbox 633 2140 711 2182; x_wconf 89' lang='lat' dir='ltr'>sed</span> <span class='ocrx_word' id='word_1_369' title='bbox 742 2139 888 2195; x_wconf 88' lang='lat' dir='ltr'>paullo</span> <span class='ocrx_word' id='word_1_370' title='bbox 919 2141 1123 2181; x_wconf 86' lang='lat' dir='ltr'>ornatius.</span> <span class='ocrx_word' id='word_1_371' title='bbox 1159 2145 1240 2194; x_wconf 87' lang='lat' dir='ltr'>pro</span> <span class='ocrx_word' id='word_1_372' title='bbox 1269 2139 1428 2182; x_wconf 87' lang='lat' dir='ltr'>cithara</span> <span class='ocrx_word' id='word_1_373' title='bbox 1469 2142 1616 2196; x_wconf 88' lang='lat' dir='ltr'>posuit</span> <span class='ocrx_word' id='word_1_374' title='bbox 1653 2138 1850 2182; x_wconf 77' lang='lat' dir='ltr'>chordas</span> <span class='ocrx_word' id='word_1_375' title='bbox 1884 2139 2050 2196; x_wconf 85' lang='lat' dir='ltr'>pollice</span> <span class='ocrx_word' id='word_1_376' title='bbox 2083 2138 2337 2195; x_wconf 81' lang='lat' dir='ltr'>impellere,</span> 
     </span>
     <span class='ocr_line' id='line_1_30' title="bbox 169 2206 2334 2267; baseline -0.003 -12"><span class='ocrx_word' id='word_1_377' title='bbox 169 2209 548 2267; x_wconf 64' lang='lat' dir='ltr'>precaminibus</span> <span class='ocrx_word' id='word_1_378' title='bbox 585 2207 648 2251; x_wconf 86' lang='lat' dir='ltr'>ad</span> <span class='ocrx_word' id='word_1_379' title='bbox 684 2207 847 2252; x_wconf 85' lang='lat' dir='ltr'>laudes</span> <span class='ocrx_word' id='word_1_380' title='bbox 876 2208 1071 2260; x_wconf 85' lang='lat' dir='ltr'>flectere</span> <span class='ocrx_word' id='word_1_381' title='bbox 1100 2206 1236 2250; x_wconf 79' lang='lat' dir='ltr'>verba</span> <span class='ocrx_word' id='word_1_382' title='bbox 1265 2222 1400 2249; x_wconf 85' lang='lat' dir='ltr'>meas.</span> <span class='ocrx_word' id='word_1_383' title='bbox 1460 2207 1612 2250; x_wconf 87' lang='lat' dir='ltr'>Horat.</span> <span class='ocrx_word' id='word_1_384' title='bbox 1645 2206 1696 2251; x_wconf 90' lang='lat' dir='ltr'>C.</span> <span class='ocrx_word' id='word_1_385' title='bbox 1726 2207 1767 2258; x_wconf 92' lang='lat'>1,</span> <span class='ocrx_word' id='word_1_386' title='bbox 1806 2207 1879 2248; x_wconf 77' lang='lat'>12:</span> <span class='ocrx_word' id='word_1_387' title='bbox 1917 2206 2030 2249; x_wconf 87' lang='lat' dir='ltr'>nolis</span> <span class='ocrx_word' id='word_1_388' title='bbox 2060 2206 2186 2263; x_wconf 84' lang='lat' dir='ltr'>longa</span> <span class='ocrx_word' id='word_1_389' title='bbox 2216 2206 2334 2249; x_wconf 86' lang='lat' dir='ltr'>ferae</span> 
     </span>
     <span class='ocr_line' id='line_1_31' title="bbox 169 2274 2334 2330; baseline -0.002 -7"><span class='ocrx_word' id='word_1_390' title='bbox 169 2278 287 2323; x_wconf 80' lang='lat' dir='ltr'>bella</span> <span class='ocrx_word' id='word_1_391' title='bbox 310 2280 571 2323; x_wconf 83' lang='lat' dir='ltr'>Numantiae</span> <span class='ocrx_word' id='word_1_392' title='bbox 603 2292 684 2320; x_wconf 88' lang='lat' dir='ltr'>nec</span> <span class='ocrx_word' id='word_1_393' title='bbox 712 2277 867 2319; x_wconf 87' lang='lat' dir='ltr'>durum</span> <span class='ocrx_word' id='word_1_394' title='bbox 889 2275 1174 2318; x_wconf 89' lang='lat' dir='ltr'>Hannibalem</span> <span class='ocrx_word' id='word_1_395' title='bbox 1198 2289 1278 2317; x_wconf 88' lang='lat' dir='ltr'>nec</span> <span class='ocrx_word' id='word_1_396' title='bbox 1300 2274 1491 2316; x_wconf 87' lang='lat' dir='ltr'>Siculum</span> <span class='ocrx_word' id='word_1_397' title='bbox 1512 2290 1626 2317; x_wconf 87' lang='lat' dir='ltr'>mare</span> <span class='ocrx_word' id='word_1_398' title='bbox 1657 2307 1667 2317; x_wconf 95' lang='lat'>.</span> <span class='ocrx_word' id='word_1_399' title='bbox 1685 2307 1694 2316; x_wconf 93' lang='lat'>.</span> <span class='ocrx_word' id='word_1_400' title='bbox 1713 2307 1722 2316; x_wconf 92' lang='lat'>.</span> <span class='ocrx_word' id='word_1_401' title='bbox 1752 2274 1954 2317; x_wconf 86' lang='lat' dir='ltr'>mollibus</span> <span class='ocrx_word' id='word_1_402' title='bbox 1985 2276 2120 2330; x_wconf 89' lang='lat' dir='ltr'>aptari</span> <span class='ocrx_word' id='word_1_403' title='bbox 2149 2274 2334 2319; x_wconf 83' lang='lat' dir='ltr'>citharae</span> 
     </span>
     <span class='ocr_line' id='line_1_32' title="bbox 170 2341 2335 2402; baseline -0.003 -11"><span class='ocrx_word' id='word_1_404' title='bbox 170 2347 225 2392; x_wconf 90' lang='lat' dir='ltr'>C.</span> <span class='ocrx_word' id='word_1_405' title='bbox 253 2348 338 2397; x_wconf 81' lang='lat' dir='ltr'>IV,</span> <span class='ocrx_word' id='word_1_406' title='bbox 367 2347 423 2398; x_wconf 85' lang='lat'>9,</span> <span class='ocrx_word' id='word_1_407' title='bbox 450 2348 489 2389; x_wconf 89' lang='grc'>4.</span> <span class='ocrx_word' id='word_1_408' title='bbox 539 2346 687 2389; x_wconf 87' lang='lat' dir='ltr'>Verba</span> <span class='ocrx_word' id='word_1_409' title='bbox 727 2346 887 2402; x_wconf 91' lang='lat' dir='ltr'>loquor</span> <span class='ocrx_word' id='word_1_410' title='bbox 921 2344 1123 2387; x_wconf 86' lang='lat' dir='ltr'>socianda</span> <span class='ocrx_word' id='word_1_411' title='bbox 1158 2341 1342 2385; x_wconf 78' lang='lat' dir='ltr'>chordis.</span> <span class='ocrx_word' id='word_1_412' title='bbox 1404 2342 1570 2398; x_wconf 83' lang='lat' dir='ltr'>Quidni</span> <span class='ocrx_word' id='word_1_413' title='bbox 1602 2344 1733 2399; x_wconf 79' lang='lat' dir='ltr'>igitur</span> <span class='ocrx_word' id='word_1_414' title='bbox 1761 2342 1940 2385; x_wconf 88' lang='lat' dir='ltr'>Tibullo</span> <span class='ocrx_word' id='word_1_415' title='bbox 1970 2342 2139 2384; x_wconf 90' lang='lat' dir='ltr'>licuerit</span> <span class='ocrx_word' id='word_1_416' title='bbox 2168 2342 2335 2387; x_wconf 78' lang='lat' dir='ltr'>dicere:</span> 
     </span>
     <span class='ocr_line' id='line_1_33' title="bbox 170 2410 2337 2472; baseline -0.002 -13"><span class='ocrx_word' id='word_1_417' title='bbox 170 2424 234 2467; x_wconf 82' lang='lat' dir='ltr'>te,</span> <span class='ocrx_word' id='word_1_418' title='bbox 255 2415 440 2472; x_wconf 88' lang='lat' dir='ltr'>Apollo,</span> <span class='ocrx_word' id='word_1_419' title='bbox 462 2430 637 2471; x_wconf 78' lang='lat' dir='ltr'>precor,</span> <span class='ocrx_word' id='word_1_420' title='bbox 667 2422 713 2458; x_wconf 90' lang='lat' dir='ltr'>ut</span> <span class='ocrx_word' id='word_1_421' title='bbox 731 2413 866 2456; x_wconf 87' lang='lat' dir='ltr'>verba</span> <span class='ocrx_word' id='word_1_422' title='bbox 891 2413 946 2456; x_wconf 88' lang='lat' dir='ltr'>ad</span> <span class='ocrx_word' id='word_1_423' title='bbox 969 2428 1084 2455; x_wconf 86' lang='lat' dir='ltr'>meas</span> <span class='ocrx_word' id='word_1_424' title='bbox 1104 2413 1254 2456; x_wconf 89' lang='lat' dir='ltr'>laudes</span> <span class='ocrx_word' id='word_1_425' title='bbox 1274 2412 1435 2454; x_wconf 80' lang='lat' dir='ltr'>flectas.</span> <span class='ocrx_word' id='word_1_426' title='bbox 1467 2410 1646 2455; x_wconf 83' lang='lat' dir='ltr'>Laudes</span> <span class='ocrx_word' id='word_1_427' title='bbox 1670 2413 1948 2468; x_wconf 87' lang='lat' dir='ltr'>praeconium</span> <span class='ocrx_word' id='word_1_428' title='bbox 1970 2410 2192 2454; x_wconf 87' lang='lat' dir='ltr'>Messalini</span> <span class='ocrx_word' id='word_1_429' title='bbox 2215 2411 2337 2465; x_wconf 78' lang='lat' dir='ltr'>dicit,</span> 
     </span>
     <span class='ocr_line' id='line_1_34' title="bbox 170 2479 2337 2542; baseline -0.003 -14"><span class='ocrx_word' id='word_1_430' title='bbox 170 2485 291 2542; x_wconf 83' lang='lat' dir='ltr'>quod</span> <span class='ocrx_word' id='word_1_431' title='bbox 322 2491 614 2541; x_wconf 82' lang='lat' dir='ltr'>argumentum</span> <span class='ocrx_word' id='word_1_432' title='bbox 646 2490 709 2526; x_wconf 86' lang='lat' dir='ltr'>est</span> <span class='ocrx_word' id='word_1_433' title='bbox 739 2483 863 2524; x_wconf 90' lang='lat' dir='ltr'>huius</span> <span class='ocrx_word' id='word_1_434' title='bbox 895 2484 1104 2523; x_wconf 86' lang='lat' dir='ltr'>carminis.</span> <span class='ocrx_word' id='word_1_435' title='bbox 1135 2496 1258 2522; x_wconf 88' lang='lat' dir='ltr'>meas</span> <span class='ocrx_word' id='word_1_436' title='bbox 1283 2479 1442 2522; x_wconf 85' lang='lat' dir='ltr'>laudes</span> <span class='ocrx_word' id='word_1_437' title='bbox 1472 2488 1610 2523; x_wconf 86' lang='lat' dir='ltr'>autem</span> <span class='ocrx_word' id='word_1_438' title='bbox 1639 2481 1799 2523; x_wconf 87' lang='lat' dir='ltr'>dictum</span> <span class='ocrx_word' id='word_1_439' title='bbox 1830 2488 1912 2530; x_wconf 86' lang='lat' dir='ltr'>est,</span> <span class='ocrx_word' id='word_1_440' title='bbox 1941 2487 1989 2522; x_wconf 90' lang='lat' dir='ltr'>ut</span> <span class='ocrx_word' id='word_1_441' title='bbox 2020 2479 2134 2536; x_wconf 81' lang='lat' dir='ltr'>apud</span> <span class='ocrx_word' id='word_1_442' title='bbox 2157 2479 2337 2523; x_wconf 82' lang='lat' dir='ltr'>Cicero-</span> 
     </span>
     <span class='ocr_line' id='line_1_35' title="bbox 170 2547 2336 2605; baseline -0.003 -8"><span class='ocrx_word' id='word_1_443' title='bbox 170 2567 268 2597; x_wconf 71' lang='lat' dir='ltr'>nem</span> <span class='ocrx_word' id='word_1_444' title='bbox 297 2559 457 2597; x_wconf 78' lang='lat' dir='ltr'>nostra</span> <span class='ocrx_word' id='word_1_445' title='bbox 489 2553 672 2594; x_wconf 86' lang='lat' dir='ltr'>crimina</span> <span class='ocrx_word' id='word_1_446' title='bbox 700 2552 859 2602; x_wconf 86' lang='lat' dir='ltr'>(Verr.</span> <span class='ocrx_word' id='word_1_447' title='bbox 889 2551 928 2601; x_wconf 91' lang='lat' dir='ltr'>l,</span> <span class='ocrx_word' id='word_1_448' title='bbox 958 2551 1034 2599; x_wconf 90' lang='grc'>11,</span> <span class='ocrx_word' id='word_1_449' title='bbox 1064 2550 1169 2601; x_wconf 80' lang='grc'>29),</span> <span class='ocrx_word' id='word_1_450' title='bbox 1200 2548 1384 2591; x_wconf 85' lang='lat' dir='ltr'>vulnere</span> <span class='ocrx_word' id='word_1_451' title='bbox 1412 2554 1564 2591; x_wconf 84' lang='lat' dir='ltr'>vestro</span> <span class='ocrx_word' id='word_1_452' title='bbox 1597 2551 1707 2605; x_wconf 87' lang='lat' dir='ltr'>(pro</span> <span class='ocrx_word' id='word_1_453' title='bbox 1739 2548 1857 2592; x_wconf 87' lang='lat' dir='ltr'>Cael.</span> <span class='ocrx_word' id='word_1_454' title='bbox 1879 2563 1943 2605; x_wconf 87' lang='lat' dir='ltr'>cp.</span> <span class='ocrx_word' id='word_1_455' title='bbox 1966 2548 2023 2588; x_wconf 79' lang='lat'>32</span> <span class='ocrx_word' id='word_1_456' title='bbox 2055 2549 2183 2600; x_wconf 85' lang='lat' dir='ltr'>extr.)</span> <span class='ocrx_word' id='word_1_457' title='bbox 2222 2547 2336 2592; x_wconf 75' lang='lat' dir='ltr'>cons.</span> 
     </span>
     <span class='ocr_line' id='line_1_36' title="bbox 171 2615 2337 2677; baseline -0.002 -14"><span class='ocrx_word' id='word_1_458' title='bbox 171 2621 426 2665; x_wconf 76' lang='lat' dir='ltr'>Ramsborn.</span> <span class='ocrx_word' id='word_1_459' title='bbox 471 2635 530 2677; x_wconf 82' lang='lat' dir='ltr'>gr.</span> <span class='ocrx_word' id='word_1_460' title='bbox 568 2619 639 2661; x_wconf 86' lang='lat' dir='ltr'>lat.</span> <span class='ocrx_word' id='word_1_461' title='bbox 678 2634 719 2675; x_wconf 89' lang='lat' dir='ltr'>p.</span> <span class='ocrx_word' id='word_1_462' title='bbox 756 2618 840 2659; x_wconf 74' lang='lat'>341</span> <span class='ocrx_word' id='word_1_463' title='bbox 882 2626 924 2660; x_wconf 90' lang='lat' dir='ltr'>et</span> <span class='ocrx_word' id='word_1_464' title='bbox 961 2619 1146 2674; x_wconf 78' lang='lat' dir='ltr'>Krijger.</span> <span class='ocrx_word' id='word_1_465' title='bbox 1186 2632 1245 2673; x_wconf 83' lang='lat' dir='ltr'>gr.</span> <span class='ocrx_word' id='word_1_466' title='bbox 1282 2615 1354 2658; x_wconf 86' lang='lat' dir='ltr'>lat.</span> <span class='ocrx_word' id='word_1_467' title='bbox 1394 2632 1436 2672; x_wconf 88' lang='lat' dir='ltr'>p.</span> <span class='ocrx_word' id='word_1_468' title='bbox 1478 2616 1574 2659; x_wconf 80' lang='lat'>456.</span> <span class='ocrx_word' id='word_1_469' title='bbox 1641 2615 1712 2658; x_wconf 86' lang='lat' dir='ltr'>Ad</span> <span class='ocrx_word' id='word_1_470' title='bbox 1751 2616 1835 2658; x_wconf 88' lang='lat' dir='ltr'>hoc</span> <span class='ocrx_word' id='word_1_471' title='bbox 1881 2617 2009 2672; x_wconf 80' lang='lat' dir='ltr'>igitur</span> <span class='ocrx_word' id='word_1_472' title='bbox 2043 2622 2337 2670; x_wconf 75' lang='lat' dir='ltr'>argumentum</span> 
     </span>
     <span class='ocr_line' id='line_1_37' title="bbox 171 2682 2336 2745; baseline -0.002 -14"><span class='ocrx_word' id='word_1_473' title='bbox 171 2696 302 2745; x_wconf 78' lang='lat' dir='ltr'>poeta</span> <span class='ocrx_word' id='word_1_474' title='bbox 336 2688 583 2744; x_wconf 79' lang='lat' dir='ltr'>Apollinem</span> <span class='ocrx_word' id='word_1_475' title='bbox 623 2687 714 2729; x_wconf 75' lang='lat' dir='ltr'>vult</span> <span class='ocrx_word' id='word_1_476' title='bbox 758 2688 895 2742; x_wconf 91' lang='lat' dir='ltr'>ipsum</span> <span class='ocrx_word' id='word_1_477' title='bbox 936 2685 1072 2728; x_wconf 80' lang='lat' dir='ltr'>verba</span> <span class='ocrx_word' id='word_1_478' title='bbox 1105 2685 1311 2738; x_wconf 79' lang='lat' dir='ltr'>flectere.</span> <span class='ocrx_word' id='word_1_479' title='bbox 1377 2683 1583 2727; x_wconf 83' lang='lat' dir='ltr'>Flectere</span> <span class='ocrx_word' id='word_1_480' title='bbox 1622 2691 1763 2727; x_wconf 84' lang='lat' dir='ltr'>autem</span> <span class='ocrx_word' id='word_1_481' title='bbox 1807 2699 1902 2725; x_wconf 89' lang='lat' dir='ltr'>cum</span> <span class='ocrx_word' id='word_1_482' title='bbox 1940 2682 2112 2725; x_wconf 87' lang='lat' dir='ltr'>delectu</span> <span class='ocrx_word' id='word_1_483' title='bbox 2149 2684 2336 2739; x_wconf 81' lang='lat' dir='ltr'>positum</span> 
     </span>
     <span class='ocr_line' id='line_1_38' title="bbox 171 2751 2336 2814; baseline -0.001 -15"><span class='ocrx_word' id='word_1_484' title='bbox 171 2764 292 2814; x_wconf 78' lang='lat' dir='ltr'>puto.</span> <span class='ocrx_word' id='word_1_485' title='bbox 334 2756 447 2799; x_wconf 76' lang='lat' dir='ltr'>Nam</span> <span class='ocrx_word' id='word_1_486' title='bbox 473 2760 596 2799; x_wconf 87' lang='lat' dir='ltr'>cuius</span> <span class='ocrx_word' id='word_1_487' title='bbox 625 2754 798 2799; x_wconf 84' lang='lat' dir='ltr'>testudo</span> <span class='ocrx_word' id='word_1_488' title='bbox 828 2760 944 2810; x_wconf 82' lang='lat' dir='ltr'>grata</span> <span class='ocrx_word' id='word_1_489' title='bbox 977 2761 1087 2796; x_wconf 88' lang='lat' dir='ltr'>esset</span> <span class='ocrx_word' id='word_1_490' title='bbox 1118 2752 1300 2809; x_wconf 87' lang='lat' dir='ltr'>dapibus</span> <span class='ocrx_word' id='word_1_491' title='bbox 1326 2756 1515 2809; x_wconf 91' lang='lat' dir='ltr'>supremi</span> <span class='ocrx_word' id='word_1_492' title='bbox 1541 2754 1658 2796; x_wconf 87' lang='lat' dir='ltr'>lovis</span> <span class='ocrx_word' id='word_1_493' title='bbox 1689 2755 1822 2805; x_wconf 90' lang='lat' dir='ltr'>(Hor.</span> <span class='ocrx_word' id='word_1_494' title='bbox 1854 2752 1894 2802; x_wconf 90' lang='lat'>1,</span> <span class='ocrx_word' id='word_1_495' title='bbox 1924 2752 2000 2803; x_wconf 84' lang='lat'>32,</span> <span class='ocrx_word' id='word_1_496' title='bbox 2032 2752 2099 2793; x_wconf 73' lang='lat'>14.</span> <span class='ocrx_word' id='word_1_497' title='bbox 2131 2751 2256 2794; x_wconf 87' lang='lat' dir='ltr'>Hom.</span> <span class='ocrx_word' id='word_1_498' title='bbox 2282 2751 2336 2796; x_wconf 82' lang='lat' dir='ltr'>ll.</span> 
     </span>
     <span class='ocr_line' id='line_1_39' title="bbox 172 2819 2339 2880; baseline -0.003 -11"><span class='ocrx_word' id='word_1_499' title='bbox 172 2827 212 2878; x_wconf 91' lang='lat'>1,</span> <span class='ocrx_word' id='word_1_500' title='bbox 236 2825 375 2877; x_wconf 39' lang='lat'>1603»</span> <span class='ocrx_word' id='word_1_501' title='bbox 406 2826 481 2880; x_wconf 90' lang='lat' dir='ltr'>qui</span> <span class='ocrx_word' id='word_1_502' title='bbox 502 2824 650 2868; x_wconf 87' lang='lat' dir='ltr'>laudes</span> <span class='ocrx_word' id='word_1_503' title='bbox 673 2826 958 2867; x_wconf 84' lang='lat' dir='ltr'>concinuisset</span> <span class='ocrx_word' id='word_1_504' title='bbox 980 2823 1074 2864; x_wconf 84' lang='lat' dir='ltr'>lovi</span> <span class='ocrx_word' id='word_1_505' title='bbox 1094 2822 1208 2876; x_wconf 88' lang='lat' dir='ltr'>(vid.</span> <span class='ocrx_word' id='word_1_506' title='bbox 1229 2819 1338 2864; x_wconf 79' lang='lat' dir='ltr'>infra</span> <span class='ocrx_word' id='word_1_507' title='bbox 1358 2836 1397 2863; x_wconf 71' lang='grc' dir='ltr'>ν.</span> <span class='ocrx_word' id='word_1_508' title='bbox 1421 2822 1501 2874; x_wconf 84' lang='lat'>10)</span> <span class='ocrx_word' id='word_1_509' title='bbox 1515 2853 1527 2872; x_wconf 91' lang='lat'>,</span> <span class='ocrx_word' id='word_1_510' title='bbox 1557 2824 1592 2863; x_wconf 88' lang='lat' dir='ltr'>is</span> <span class='ocrx_word' id='word_1_511' title='bbox 1621 2835 1725 2863; x_wconf 88' lang='lat' dir='ltr'>sane</span> <span class='ocrx_word' id='word_1_512' title='bbox 1746 2820 1896 2876; x_wconf 83' lang='lat' dir='ltr'>dignus</span> <span class='ocrx_word' id='word_1_513' title='bbox 1919 2826 2029 2870; x_wconf 88' lang='lat' dir='ltr'>erat,</span> <span class='ocrx_word' id='word_1_514' title='bbox 2059 2833 2184 2876; x_wconf 91' lang='lat' dir='ltr'>quem</span> <span class='ocrx_word' id='word_1_515' title='bbox 2206 2827 2339 2876; x_wconf 83' lang='lat' dir='ltr'>poeta</span> 
     </span>
     <span class='ocr_line' id='line_1_40' title="bbox 171 2886 2332 2951; baseline -0.002 -14"><span class='ocrx_word' id='word_1_516' title='bbox 171 2901 446 2951; x_wconf 71' lang='lat' dir='ltr'>precaretur,</span> <span class='ocrx_word' id='word_1_517' title='bbox 493 2900 540 2936; x_wconf 87' lang='lat' dir='ltr'>ut</span> <span class='ocrx_word' id='word_1_518' title='bbox 591 2893 744 2937; x_wconf 89' lang='lat' dir='ltr'>modos</span> <span class='ocrx_word' id='word_1_519' title='bbox 783 2905 1002 2947; x_wconf 80' lang='lat' dir='ltr'>vocesque</span> <span class='ocrx_word' id='word_1_520' title='bbox 1041 2890 1096 2933; x_wconf 88' lang='lat' dir='ltr'>ad</span> <span class='ocrx_word' id='word_1_521' title='bbox 1136 2888 1414 2932; x_wconf 87' lang='lat' dir='ltr'>celebrandas</span> <span class='ocrx_word' id='word_1_522' title='bbox 1460 2889 1641 2932; x_wconf 90' lang='lat' dir='ltr'>hominis</span> <span class='ocrx_word' id='word_1_523' title='bbox 1684 2891 1805 2932; x_wconf 88' lang='lat' dir='ltr'>istius</span> <span class='ocrx_word' id='word_1_524' title='bbox 1847 2890 2026 2929; x_wconf 86' lang='lat' dir='ltr'>virtutes</span> <span class='ocrx_word' id='word_1_525' title='bbox 2069 2886 2332 2933; x_wconf 82' lang='lat' dir='ltr'>deflecteret.</span> 
     </span>
    </p>
   </div>
   <div class='ocr_carea' id='block_1_2' title="bbox 171 2955 2337 3063">
    <p class='ocr_par' dir='ltr' id='par_1_2' title="bbox 171 2955 2337 3063">
     <span class='ocr_line' id='line_1_41' title="bbox 171 2955 2337 3014; baseline -0.003 -9"><span class='ocrx_word' id='word_1_526' title='bbox 171 2962 362 3005; x_wconf 83' lang='lat' dir='ltr'>Detrahe</span> <span class='ocrx_word' id='word_1_527' title='bbox 393 2969 587 3004; x_wconf 87' lang='lat' dir='ltr'>ornatum</span> <span class='ocrx_word' id='word_1_528' title='bbox 619 2963 824 3003; x_wconf 86' lang='lat' dir='ltr'>orationis</span> <span class='ocrx_word' id='word_1_529' title='bbox 854 2969 894 3004; x_wconf 87' lang='lat' dir='ltr'>et</span> <span class='ocrx_word' id='word_1_530' title='bbox 924 2961 1131 3003; x_wconf 82' lang='lat' dir='ltr'>sententia</span> <span class='ocrx_word' id='word_1_531' title='bbox 1160 2959 1269 3001; x_wconf 88' lang='lat' dir='ltr'>haec</span> <span class='ocrx_word' id='word_1_532' title='bbox 1301 2959 1411 3000; x_wconf 87' lang='lat' dir='ltr'>erit:</span> <span class='ocrx_word' id='word_1_533' title='bbox 1449 2959 1684 3014; x_wconf 86' lang='lat' dir='ltr'>scripturus</span> <span class='ocrx_word' id='word_1_534' title='bbox 1723 2955 1873 2999; x_wconf 87' lang='lat' dir='ltr'>laudes</span> <span class='ocrx_word' id='word_1_535' title='bbox 1903 2955 2128 3001; x_wconf 86' lang='lat' dir='ltr'>Messalini</span> <span class='ocrx_word' id='word_1_536' title='bbox 2165 2969 2337 3005; x_wconf 68' lang='lat' dir='ltr'>carmen</span> 
     </span>
     <span class='ocr_line' id='line_1_42' title="bbox 1793 3025 1870 3063; baseline 0 -11"><span class='ocrx_word' id='word_1_537' title='bbox 1793 3025 1815 3063; x_wconf 87' lang='lat'>1</span> <span class='ocrx_word' id='word_1_538' title='bbox 1844 3026 1870 3052; x_wconf 61' lang='grc' dir='ltr'>ιι</span> 
     </span>
    </p>
   </div>
  </div>
 </body>
</html>
