2462 3112
1154 127 1217 166 lx

90 247 492 293 odore-dracones:
525 251 568 289 et
597 252 736 288 tamen
768 259 959 288 annosae
984 244 1142 301 pellem
1171 258 1360 302 posuere
1382 249 1598 286 senectae.
1637 242 1695 285 At
1713 241 1903 285 Iuvenal.
1922 242 1998 285 VI.
2016 242 2131 286 467.:
2163 242 2280 286 Tan-

89 316 188 360 dem
216 318 354 373 aperit
381 314 547 358 vultum
578 322 620 356 et
659 315 838 357 tectoria
877 315 1013 370 prima
1043 315 1228 370 reponit.
1287 311 1442 368 Incipit
1480 313 1655 368 agnosci
1686 318 1816 368 atque
1845 310 1922 354 illo
1951 310 2062 354 lacte
2094 311 2278 354 fovetur.

92 391 138 427 et
167 382 315 443 paullo
347 397 477 440 supra
512 382 635 424 462.:
670 382 790 424 Pane
826 388 962 424 tumet
999 381 1158 424 facies:
1203 380 1257 423 ad
1292 393 1404 437 quos
1433 378 1555 422 locos
1585 385 1708 421 vetus
1749 385 1973 421 enarrator
2010 378 2280 421 medicamen

90 453 150 495 ait
177 450 233 495 ad
263 449 528 494 tendendam
560 450 713 493 faciem
744 456 818 492 aut
848 456 986 492 eutem
1014 451 1157 505 magis.
1199 450 1254 490 Et
1283 448 1368 491 alio
1398 447 1518 490 loco:
1550 447 1716 489 asinino
1748 446 1859 489 lacte
1877 481 1887 498 ,
1928 449 2098 503 inquit,
2128 447 2279 489 faciem

89 518 214 570 linit,
243 525 293 562 ut
319 525 458 562 cutem
488 517 636 561 tendat
667 525 708 561 et
737 516 970 561 candorem
1005 517 1155 561 eliciat.
1207 518 1363 560 Festus
1395 522 1535 558 autem
1566 530 1597 558 s.
1631 531 1671 557 V.
1703 515 2038 572 Tentipellium:
2068 517 2278 569 Titinium

90 587 150 630 ait
169 586 351 630 Verrius
383 587 641 637 existimare,
670 585 714 628 id
735 585 1090 628 medicamentum
1115 600 1226 636 csse,
1258 599 1346 642 quo
1377 598 1508 640 rugae
1541 583 1848 634 extenduntur,
1880 599 1974 626 cum
2006 583 2137 627 dicat:
2165 585 2280 627 Ten·

89 653 301 711 tipellium
330 653 534 706 Inducis,
566 668 697 711 rugae
727 655 771 696 in
802 667 880 696 ore
918 653 1209 697 extenduntur
1241 661 1331 696 tuo.
1373 653 1539 695 Verum
1570 653 1691 708 panis
1723 651 1816 703 ille,
1848 659 2077 709 smegmata
2109 667 2159 695 ac
2187 651 2279 695 fuci

86 721 184 764 illiti
207 724 401 766 tectoria
425 729 565 772 erant,
593 736 684 765 non
702 721 847 778 pellis:
877 721 951 764 illa
978 721 1091 764 demi
1114 727 1334 778 poterant3
1365 721 1473 762 haec
1498 733 1588 761 non
1612 726 1794 774 poterat.
1839 719 1961 775 Quid
1986 720 2147 776 igitur?
2176 721 2282 762 scri-

89 787 222 832 batur
245 796 371 832 tenta
394 789 514 848 pelle
543 791 569 831 i.
597 804 632 832 e.
658 791 861 846 erugata?
898 789 1042 843 Immq
1053 803 1158 831 vero
1185 787 1407 830 retinenda
1439 796 1503 831 est
1532 788 1724 845 vulgata,
1755 804 2012 845 quamquam
2042 789 2169 846 pellis
2199 803 2281 832 nec

96 871 242 916 rugas
272 865 399 900 sonat
427 882 469 888 —
506 858 580 914 qui
611 859 722 899 enim
751 871 852 899 rana
874 856 1058 899 Phaedri
1080 856 1147 909 (l.
1170 855 1254 898 fab.
1276 856 1351 906 24,
1382 857 1442 909 4.)
1470 870 1689 914 rugosam
1718 856 1903 908 inflaret
1927 856 2090 912 pellem
2120 882 2174 891 —
2198 865 2282 899 nec

95 924 351 969 detractam
379 932 526 969 cutem
555 923 718 982 ubique
751 924 986 981 significat:
1027 924 1106 967 sed
1145 923 1270 981 pellis
1306 931 1403 966 cute
1433 923 1570 966 laxior
1599 930 1664 966 est
1694 931 1735 966 et
1765 925 1980 980 asperior,
2009 927 2066 967 ita
2099 931 2147 967 ut
2174 924 2280 967 levi-

97 1000 186 1036 tate
215 992 289 1036 illa
318 993 497 1036 iuvenili
540 1009 589 1036 a‘c
628 993 817 1036 candore
855 1000 1010 1036 careat.
1064 992 1282 1048 Quocirca
1314 991 1508 1034 Iuvenal.
1538 993 1589 1034 X.
1623 992 1744 1034 192:
1787 991 2021 1034 deformem
2058 1006 2139 1049 pro
2181 999 2280 1036 cute

94 1060 251 1118 pellem
282 1061 611 1118 pendentesque
641 1076 769 1118 genas
802 1069 844 1104 et
866 1087 918 1095 —-
942 1063 1084 1118 aspice
1108 1075 1247 1117 rugas.
1295 1059 1426 1103 ovid.
1451 1067 1526 1102 art.
1551 1067 1673 1102 amat.
1700 1060 1773 1101 111.
1809 1060 1876 1101 73.
1906 1074 2031 1116 quam
2062 1062 2149 1103 cito
2180 1061 2278 1114 (me

97 1123 326 1183 miserum)
365 1129 560 1172 laxantur
596 1144 780 1186 corpora
810 1132 939 1186 rugis.
994 1130 1146 1186 Itaque
1178 1137 1223 1171 ut
1253 1129 1385 1171 hodie
1420 1130 1662 1171 contemtim
1699 1127 1848 1170 dicunt
1893 1127 1999 1170 »das
2028 1127 2183 1179 Feli«,
2220 1125 2295 1171 ita'

95 1212 202 1240 sane
232 1197 316 1240 hoc
345 1196 445 1240 loco
477 1196 561 1240 dici
591 1199 750 1254 potuit,
779 1197 965 1240 vetulam
990 1197 1129 1239 demta
1157 1195 1271 1253 pelle
1295 1197 1445 1238 faciem
1468 1211 1625 1239 novam
1650 1196 1829 1238 referre:
1862 1195 2113 1239 demebatur
2138 1204 2281 1240 autem

98 1265 226 1323 pellis
247 1265 330 1308 illis
351 1267 453 1322 ipsis
476 1265 641 1308 artibus
664 1272 706 1308 et
732 1265 1072 1328 medicamentis,
1102 1264 1260 1321 quibus
1284 1263 1561 1307 tendebatur.
1585 1288 1642 1294 —
1663 1279 1702 1306 v,
1725 1264 1792 1305 49.
1821 1278 1965 1320 puero
1990 1279 2106 1322 quae
2126 1265 2278 1323 gloria

101 1335 220 1376 victo
243 1339 323 1377 est.
366 1333 512 1390 Quem
533 1334 633 1376 huic
655 1333 906 1376 Tibulliano
926 1333 1293 1376 Wunderlichius
1315 1334 1580 1389 comparavit
1601 1333 1741 1374 Taciti
1770 1332 1932 1384 locum,
1963 1334 2018 1384 is,
2051 1347 2146 1375 cum
2175 1333 2282 1378 nihil

98 1399 282 1453 habeat,
314 1401 433 1458 quod
463 1404 517 1444 sit
548 1401 790 1458 ambiguum
811 1436 821 1453 ‚
853 1403 1093 1458 comparari
1124 1403 1284 1457 nequit.
1338 1400 1387 1442 In
1420 1399 1673 1442 Tibulliano
1702 1401 1898 1442 nimirum
1916 1434 1925 1451 ‚
1956 1402 1991 1442 si
2021 1400 2114 1443 sola
2145 1401 2281 1445 verba

98 1475 285 1525 spectes,
314 1468 420 1512 nihil
449 1468 644 1526 impedit,
674 1471 903 1526 quominus
932 1483 1076 1527 puero
1107 1471 1246 1520 victo,
1277 1470 1351 1525 qui
1375 1467 1552 1510 ablativi
1582 1475 1700 1519 sunt,
1731 1483 1811 1524 pro
1840 1468 1992 1511 dativis
2017 1468 2280 1523 habeantur,

100 1538 158 1579 At
188 1550 259 1579 res
288 1538 380 1594 ipsa
412 1536 561 1580 clamat
592 1544 634 1579 et
666 1544 896 1594 utrumque
928 1545 1044 1581 recte
1076 1537 1258 1584 diciturz,
1281 1553 1393 1594 quae
1423 1537 1558 1594 gloria
1590 1544 1655 1580 est
1687 1551 1738 1579 ex
1767 1539 1883 1580 victo
1910 1552 2069 1594 puero,
2102 1545 2148 1581 et
2164 1539 2280 1582 victo

100 1617 262 1660 puero,
293 1619 404 1660 quae
425 1603 560 1661 gloria
580 1611 654 1647 est.
687 1604 732 1647 Si
755 1604 831 1647 tibi
852 1604 1041 1647 additum
1065 1612 1197 1657 esset,
1227 1605 1344 1647 nulla
1367 1605 1482 1648 foret
1504 1604 1767 1662 ambiguitas.
1800 1605 2020 1649 Ovid.111.
2040 1607 2145 1649 Met.
2163 1607 2282 1650 6542

100 1685 214 1728 quae
242 1671 378 1730 gloria
410 1680 550 1715 vestra
582 1680 667 1724 est,
702 1674 737 1715 si
767 1688 947 1729 puerum
983 1675 1179 1725 iuvenes,
1216 1675 1250 1716 si
1283 1673 1403 1715 multi
1434 1672 1578 1716 fallitis
1607 1688 1753 1719 unum.
1784 1697 1838 1704 -
1870 1689 1907 1715 V.
1935 1674 2003 1716 52.
2047 1674 2282 1717 Broukhu-

102 1740 232 1790 sium,
263 1741 337 1796 qui
366 1754 448 1796 pro
481 1742 615 1798 tingit
642 1755 690 1783 ex
722 1740 888 1797 aliquot
917 1740 1038 1783 libris
1069 1741 1249 1784 dederat
1280 1743 1452 1799 tangit,
1480 1743 1562 1784 iam
1586 1741 1835 1784 Huschkius
1858 1742 2075 1785 refutavit:
2107 1751 2147 1786 et
2169 1759 2280 1800 quae

99 1814 164 1850 est
188 1806 340 1850 horum
365 1806 597 1851 verborum
628 1807 891 1859 differentia,
923 1808 977 1851 de
1007 1811 1218 1866 scriptura
1250 1808 1437 1851 dubitari
1461 1811 1623 1866 nequit.
1650 1833 1704 1842 —
1730 1825 1770 1852 V.
1790 1810 1858 1852 53.
1898 1811 1984 1853 Pro
2015 1811 2083 1853 vel
2113 1814 2283 1869 scripsit

99 1875 302 1918 Muretus
322 1874 432 1918 vaeh
443 1908 458 1927 ‚
489 1877 690 1919 Heinsius
708 1876 765 1919 ah
788 1877 920 1934 idque
943 1877 1173 1934 probatum
1196 1884 1260 1920 est
1278 1878 1466 1935 Heynio.
1498 1877 1761 1935 Scripturam
1783 1877 1855 1920 vel
1875 1881 2094 1921 revocavit
2112 1879 2284 1923 Brouk-

102 1942 273 1995 husius,
311 1951 538 1987 servarunt
569 1945 888 1997 Lachmannus‚
923 1945 1192 1997 Huschkius,
1225 1946 1469 1997 Dissenius‚
1512 1945 1758 2003 Gruppius:
1788 1946 1866 1988 sed
1896 1954 2083 1990 mutasse
2111 1955 2282 1990 senten-

104 2013 204 2054 tiam
223 2010 425 2054 videntur
445 2012 671 2055 Dissenius
702 2012 829 2065 (vide
857 2015 950 2056 eius
970 2021 1159 2056 annotat.
1181 2013 1236 2056 ad
1261 2014 1300 2056 h.
1321 2014 1375 2067 l.)
1408 2023 1450 2057 et
1472 2014 1714 2071 Gruppius‚
1746 2022 1789 2057 et
1811 2017 1847 2056 is
1873 2015 2046 2071 quidem
2072 2018 2284 2059 convertit

108 2079 230 2121 »Ach
268 2081 351 2122 wie
380 2079 520 2122 seuszt
551 2095 597 2122 er
634 2094 684 2122 so
717 2081 829 2123 oft«.
876 2082 1125 2125 Huschkius
1157 2082 1290 2134 locis,
1329 2098 1440 2140 quos
1470 2084 1626 2134 affert,
1657 2084 1928 2126 Terentianis
1958 2083 2063 2125 nihil
2094 2084 2283 2126 obtinet:

105 2154 148 2189 et
168 2146 333 2189 Donati
351 2154 628 2204 praeceptum
648 2163 773 2204 quam
792 2151 999 2191 incertum
1019 2152 1091 2201 sit,
1123 2140 1254 2192 hodie
1272 2153 1384 2193 inter
1405 2166 1554 2194 omnes
1577 2158 1754 2194 constat.
1787 2150 1929 2207 Quam
1954 2153 2082 2208 igitur
2102 2155 2284 2209 scriptu-

103 2229 191 2257 ram
211 2215 457 2258 Huschkius
483 2215 603 2258 nulla
634 2231 764 2273 posse
785 2217 978 2260 machina
1002 2217 1197 2260 subverti
1221 2227 1486 2275 perseverat,
1519 2233 1569 2261 ea
1586 2220 1774 2261 Dissenii
1805 2218 2046 2262 rationibus
2079 2223 2285 2263 evertitur

104 2290 188 2325 tam
219 2282 359 2340 planis
394 2290 566 2340 tamque
605 2284 765 2335 firmis,
804 2292 851 2327 ut
883 2289 956 2342 qui
992 2293 1186 2337 restent,
1227 2285 1431 2330 obstinati
1461 2286 1650 2330 habendi
1685 2289 1782 2331 sint.
1840 2288 2010 2330 Etenim
2042 2304 2137 2331 cum
2172 2303 2284 2345 puer

102 2365 192 2394 non
225 2353 440 2408 praesenti
470 2351 642 2408 puellae
670 2360 845 2409 questus
872 2355 925 2396 sit
952 2368 1134 2410 cumque
1158 2361 1478 2411 praeterquam,
1508 2354 1630 2411 quod
1651 2354 1799 2412 puella
1823 2370 1913 2398 non
1939 2358 2076 2408 venit,
2108 2359 2284 2399 omnino

103 2417 224 2461 nulla
256 2419 309 2461 sit
340 2419 432 2461 eius
466 2418 630 2462 doloris
659 2434 838 2473 caussa,
873 2421 1022 2464 videre
1055 2435 1146 2464 non
1185 2421 1316 2475 licet,
1353 2425 1430 2479 qui
1462 2423 1535 2466 vel
1566 2423 1671 2466 ferri
1699 2426 1852 2480 possit.
1898 2425 2042 2481 Atque
2071 2426 2284 2467 sententia

103 2501 265 2530 summa
297 2487 402 2529 haec
430 2493 520 2529 est:
560 2502 688 2544 quam
717 2502 847 2545 saepe
883 2491 1049 2532 iuvenis
1080 2491 1277 2546 queritur
1317 2497 1358 2532 ct
1398 2490 1590 2533 lacrimas
1621 2490 1763 2534 fundit
1793 2498 2048 2548 propterea,
2087 2491 2207 2548 quod
2235 2498 2285 2535 tu

103 2567 195 2597 non
224 2553 338 2597 ades.
365 2578 417 2585 —
449 2569 489 2596 v.
508 2555 576 2598 55.
605 2559 781 2613 spernis
811 2559 1068 2613 optimorum
1092 2557 1303 2601 librorum
1327 2561 1583 2602 auctoritate
1609 2562 1776 2602 nititur:
1806 2559 1886 2601 hac
1911 2558 2285 2603 commendatione

105 2621 241 2665 altera
263 2625 471 2680 scriptura
496 2630 624 2666 caret.
664 2639 794 2680 quae,
825 2628 903 2668 etsi
931 2640 1044 2682 puer
1068 2640 1157 2669 non
1178 2626 1360 2670 Tibullo
1386 2630 1600 2685 queritur,
1630 2627 1707 2671 sed
1729 2642 1872 2671 secum
1904 2627 2115 2684 loquitur,
2145 2628 2283 2671 nihilo

106 2695 247 2732 tamen
265 2723 277 2740 ‚
307 2705 433 2747 quam
464 2690 601 2734 altera
619 2725 629 2742 ,
666 2692 855 2736 deterior
885 2701 961 2737 est.
1008 2709 1104 2737 nam
1140 2698 1264 2737 etiam
1295 2695 1407 2738 infra
1436 2698 1641 2754 spernit,
1659 2695 1820 2754 fugit,
1849 2697 2072 2752 promittit
2102 2698 2287 2752 positum

105 2762 183 2799 est.
236 2757 532 2802 Veruntamen
570 2759 692 2802 facile
731 2761 998 2814 concedam,
1037 2763 1271 2806 secundam
1309 2778 1536 2820 personam
1576 2763 1727 2816 verbi,
1769 2765 1971 2821 quoniam
2007 2763 2155 2820 paullo
2187 2772 2287 2808 ante

104 2821 268 2866 dictum
298 2831 362 2868 est
390 2825 564 2871 absenti
591 2828 800 2886 querelas
838 2832 1049 2883 coniicit,
1086 2845 1182 2874 cum
1213 2832 1342 2874 animi
1378 2833 1693 2884 commotione,
1734 2845 1819 2888 qua
1857 2831 1938 2873 hae
1975 2831 2177 2888 querelae
2216 2847 2287 2876 ex-

107 2893 347 2944 cutiuntur,
373 2896 505 2951 magis
530 2909 782 2952 congruere.
812 2897 891 2941 Est
916 2899 1028 2941 enim
1053 2900 1098 2941 in
1123 2898 1312 2942 secunda
1335 2913 1521 2957 persona
1547 2901 1684 2942 maior
1712 2901 1776 2942 vis
1808 2898 2011 2942 desiderii
2042 2905 2084 2943 et
2111 2903 2287 2953 amoris,

109 2959 154 3001 in
184 2961 307 3003 tertia
336 2959 500 3004 doloris
532 2969 573 3005 et
606 2964 709 3006 irae.
743 2986 796 2997 -—
835 2979 873 3007 v.
900 2965 968 3007 64.
1012 2967 1109 3008 Viri
1142 2965 1260 3009 docti
1298 2969 1343 3009 in
1382 2966 1466 3010 hoc
1502 2982 1632 3011 versu
1669 2967 1740 3010 alii
1769 2965 1915 3011 modis
1945 2967 2017 3010 alii
2046 2967 2174 3012 malis
2204 2968 2289 3027 legi

1741 3044 1769 3085 2
