2462 3112
1149 88 1244 127 'XV

112 208 227 268 quid
247 206 506 267 legendum?
538 206 793 252 Nobilitata
806 213 871 251 est
889 213 1117 264 poetarum
1147 205 1302 249 fabulis
1323 205 1450 264 aegis
1472 205 1720 248 Minervae:
1751 206 1874 247 etiam
1896 217 2078 254 currus,
2111 199 2165 244 de
2196 215 2285 258 quo

107 278 322 323 adversus
352 277 559 335 Gigantes
587 279 812 334 pugnavit,
843 291 867 319 a
897 278 1036 333 poetis
1066 275 1248 318 silentio
1265 288 1356 317 non
1384 276 1709 330 praetermissus
1734 279 1809 315 est.
1843 273 1994 319 Horat.
2013 269 2112 312 C.1.
2130 270 2205 321 15,
2226 269 2286 310 9.-

111 347 197 390 iam
223 345 386 404 galeam
415 345 556 393 Pallas
589 353 634 388 et
664 345 812 402 aegida
843 352 1083 400 currusque
1114 351 1157 387 et
1185 342 1348 386 rabiem
1379 348 1514 399 parat.
1557 341 1690 384 Ovid.
1714 342 1790 383 vl.
1815 341 1990 382 Metam.
2014 338 2101 380 78.:
2132 343 2174 379 at
2202 334 2287 379 sibi

107 413 190 458 dat
216 413 436 471 elypeum,
467 413 540 456 dat
571 419 723 457 acutae
754 413 942 470 cuspidis
972 413 1153 455 hastam:
1183 412 1258 455 dat
1287 411 1451 469 galeam
1482 412 1630 466 capiti:
1665 408 1913 452 defenditur
1941 406 2092 464 aegide
2122 411 2286 462 pectus.

108 479 281 539 Inclyta
320 489 413 525 erat
439 480 574 524 hasta
604 495 799 538 quoque.
842 488 886 524 et
923 483 1134 538 potuisset
1171 481 1276 523 haec
1315 479 1487 537 quidem
1529 477 1755 520 commode
1793 491 1888 519 cum
1918 475 2087 517 Dianae
2124 474 2287 530 sagittis

109 552 331 616 componi.
368 549 559 593 Iuvenal.
587 548 615 592 l.
645 549 691 591 l.:
727 551 870 602 iurat,
907 564 990 608 per
1023 549 1225 593 calamos
1253 549 1494 591 venatricis
1519 546 1872 606 pharetramque
1901 543 2109 588 Puellae:
2157 539 2288 584 addit

109 624 158 662 et
185 617 438 662 Herculeos
473 633 608 662 arcus
637 616 903 676 hastamque
932 618 1180 660 Minervae
1244 617 1433 659 Galeam
1468 623 1611 658 autem
1641 616 1868 659 Minervae
1907 613 2112 668 imprimis
2147 611 2286 667 poetis

103 684 299 738 laudari,
328 688 414 728 iam
445 700 495 728 ex
523 687 574 728 iis
603 685 719 727 locis
738 685 889 727 videre
918 684 1037 737 licet,
1068 699 1179 741 quos
1209 685 1340 726 modo
1371 683 1610 727 attulimus:
1642 682 1800 738 quibus
1822 679 1945 723 multi
1970 679 2073 721 addi
2093 683 2287 734 possunt.

110 754 214 798 Erat
242 756 353 797 enim
382 756 428 797 in
456 754 650 797 veterum
672 761 885 796 armatura
912 753 1030 810 galea
1062 754 1266 809 primario
1297 752 1419 795 loco:
1449 754 1673 794 maximum
1696 753 1786 792 eius
1808 755 2106 792 ornamentum
2128 748 2287 791 crista:

110 836 240 879 saepe
269 825 392 880 etiam
413 822 469 865 ad
491 828 698 865 terrorem
719 821 916 864 hostibus
945 821 1235 864 incutiendum
1257 823 1396 863 varias
1427 819 1671 862 animalium
1699 819 1858 861 formas
1889 818 2039 874 galeae
2071 817 2288 873 appositas

108 889 264 943 fuisse,
309 889 458 932 docuit
497 891 582 932 iam
623 889 834 932 Stewech.
880 888 935 931 ad
977 890 1132 946 Veget.
1161 905 1202 946 p.
1232 889 1286 931 51
1318 903 1381 945 sq.
1448 887 1731 931 Nobilissima
1774 894 1918 929 autem
1961 893 2133 943 praeter
2175 883 2287 926 Orci

110 956 272 1015 galeam
299 957 416 1015 haud
450 956 583 1000 dubie
612 964 706 1000 erat
734 958 962 1000 Minervae
989 957 1130 1014 galea:
1167 954 1296 1000 testis'
1323 964 1388 999 est
1418 957 1655 1008 Homerus,
1691 956 1740 999 ΙΙ.
1762 957 1820 998 V.
1843 955 1960 998 743.:
1999 951 2126 1008 κρατὶ
2165 952 2200 994 <5⁹
2232 949 2290 994 ἐπ’

111 1025 384 1082 ἀμφίφαλον
411 1024 583 1080 κυνέην
611 1024 710 1073 θέτο
741 1024 1086 1082 τετραφάληρον,
1117 1024 1358 1081 χρυσείην,
1395 1024 1555 1068 {Stat-av
1593 1023 1756 1067 πόλεων
1791 1021 2020 1079 πρυλέεσσ’
2048 1021 2288 1076 ἀραρυῖαν.

104 1096 232 1138 testis
261 1095 386 1136 etiam
416 1094 592 1136 Lucian.
611 1085 881 1135 Dialfneor.
906 1094 1029 1136 Tom.
1050 1094 1081 1136 I.
1102 1110 1143 1150 p.
1163 1095 1261 1137 261.
1319 1093 1360 1137 τί
1387 1084 1475 1137 οὖν
1505 1091 1612 1147 οὐχὶ
1640 1091 1719 1135 καὶ
1750 1090 1816 1136 οη)
1843 1092 2011 1147 ’Annua
2038 1089 2117 1133 τὸν
2143 1088 2289 1143 κόρυν

113 1161 349 1217 ἀφελοῦσα
375 1159 520 1216 ’ψιλήν
543 1159 628 1214 τὴν
657 1158 860 1215 κεφαλην
888 1160 1183 1213 ἕπιὸεικνύεις,
1224 1163 1336 1205 αλλ’
1374 1161 1625 1212 ἐπισείεις
1659 1159 1755 1204 τὸν
1789 1158 1962 1215 λόφον
1989 1177 2084 1201 και
2119 1156 2198 1200 τὸν
2227 1162 2285 1199 ὁὶ-

111 1227 287 1300 wrm}
308 1235 455 1285 φοβεῖς
472 1227 503 1283 ἦ
521 1227 658 1278 όέόιας
677 1247 745 1284 μη
766 1246 836 1271 σοι
860 1224 1091 1284 ἕλέγχητοιι
1108 1228 1155 1272 τὸ
1175 1228 1388 1286 γλαυκὸν
1406 1249 1493 1274 των
1512 1229 1730 1286 ὀμμάτων
1757 1230 1893 1273 ἄνευ
1921 1235 2019 1271 τοῦ
2050 1231 2288 1282 φοβεροῦ

111 1274 396 1383 βλειὲόμεισν.
455 1298 601 1353 Atque
638 1297 870 1339 Pausanias
907 1300 1035 1340 Attio.
1061 1299 1108 1340 L.
1132 1298 1164 1341 Ι.
1184 1299 1259 1351 24,
1293 1299 1332 1341 5.
1385 1299 1441 1342 de
1471 1300 1699 1347 Minervae
1738 1306 1878 1342 statua
1915 1301 1960 1340 in
1991 1297 2288 1339 Parthenone:

110 1363 224 1410 αὐτο
249 1363 334 1408 δὲ’
318 1365 368 1407 ἐκ
391 1382 436 1408 τε
462 1363 695 1420 ἐλὲφαντος
727 1363 775 1408 τὸ
803 1365 997 1421 ἄγαλμα
1024 1383 1102 1408 και
1132 1373 1319 1421 χρυσοῦ
1343 1366 1594 1421 πεποίηται.
1618 1385 1740 1423 μεσῳ
1775 1365 1865 1423 μὲν
1893 1369 1980 1409 οὐν
2008 1362 2209 1408 ἐπίκειταί
2241 1361 2290 1406 οἱ

108 1441 178 1491 τιῖ
203 1432 356 1490 κράνει
373 1430 567 1489 Σφιγγος
594 1432 721 1476 εικών
751 1466 762 1476 .
780 1466 791 1476 .
808 1465 820 1476 .
850 1434 955 1482 καθ’
983 1433 1185 1489 ἓκατερον
1217 1432 1259 1477 δὲ
1285 1442 1370 1478 τσῦ
1397 1452 1596 1490 κρανους
1616 1434 1779 1490 γρῦπές
1806 1435 1921 1479 εισιν
1940 1430 2286 1490 ἐπειργασμένοι.

112 1501 264 1560 Quid?
297 1503 335 1545 si
364 1500 566 1544 'libullus
595 1501 721 1544 huius
754 1503 862 1558 signi
889 1516 1051 1545 memor
1079 1517 1161 1559 pro
1191 1502 1312 1559 galea
1342 1518 1430 1546 seu
1448 1505 1572 1546 crista
1601 1502 1805 1562 gryphas
1838 1505 2008 1560 posuit?
2065 1503 2181 1545 Nam
2217 1515 2287 1559 ga-

108 1571 221 1616 leam
255 1570 371 1614 illam
406 1569 730 1614 formidolosam
771 1571 1005 1614 commode
1034 1573 1195 1627 sagittis
1224 1572 1396 1614 Dianae
1435 1573 1638 1628 coniungi
1675 1587 1825 1629 posse,
1871 1587 2001 1615 nemo
2047 1570 2172 1613 facile
2210 1584 2286 1613 ne-

109 1638 493 1698 gaverit.1taque
527 1638 759 1697 legendum
794 1647 924 1697 puto:
958 1639 1178 1683 Affirmes.
1223 1641 1410 1697 gryphes
1449 1640 1570 1694 (vel,
1609 1643 1645 1683 si
1681 1641 1820 1692 malis,
1856 1639 2087 1699 gryphas)
2121 1652 2287 1696 perque

109 1708 313 1752 Minerva
340 1722 462 1750 suos.
493 1707 613 1764 quod
633 1707 896 1751 vocabulum
925 1707 1109 1751 librariis
1138 1710 1382 1764 ignoratum
1410 1698 1535 1752 facile
1565 1704 1794 1766 depravari
1828 1717 1870 1752 et
1896 1711 1940 1752 in
1963 1711 2108 1752 crines
2132 1707 2288 1750 mutari

110 1782 294 1835 poterat.
337 1776 535 1819 Dianam·
544 1783 687 1819 autem
718 1783 760 1820 et
779 1777 1021 1819 Minervam
1049 1779 1318 1833 potissimum
1346 1784 1477 1834 poeta
1505 1779 1764 1830 nominavit,
1793 1779 1893 1834 quia
1923 1783 2107 1833 utraque
2135 1777 2284 1831 virago

110 1847 302 1889 castitate
333 1846 484 1887 eximia
514 1851 619 1895 erat:
663 1844 718 1888 de
747 1860 834 1902 qua
864 1860 913 1888 re
941 1847 1024 1888 iam
1055 1846 1241 1888 Vossius
1274 1853 1318 1888 et
1347 1845 1712 1889 Wunderlichius
1739 1851 2012 1888 monuerunt.
2043 1868 2098 1876 —
2154 1859 2193 1886 ν.
2215 1843 2286 1889 27.

110 1914 303 1958 transiet
338 1919 478 1956 aetas.
534 1911 677 1966 Quam
714 1914 802 1956 cito
840 1928 935 1956 non
967 1914 1121 1971 segnis
1256 1911 1370 1956 dies!
1422 1915 1487 1956 Ita
1511 1915 1830 1966 Lachmannus,
1861 1915 2118 1957 auctoritate
2147 1911 2284 1955 libro-

108 1994 226 2033 rum,
245 1987 294 2022 ut
314 1979 503 2031 videtur,
525 1986 765 2035 permotus:
787 1982 941 2032 ceteri,
963 1995 1074 2037 quos
1088 1995 1176 2037 *ego
1198 1983 1343 2033 sciam,
1372 1984 1552 2025 transiit
1574 1989 1703 2025 aetas
1724 1997 1858 2040 quam
1879 1984 1986 2026 cito!
2017 1996 2111 2025 non
2130 1980 2285 2038 segnis

107 2053 204 2092 stat
231 2055 456 2090 remeatve
485 2046 591 2090 dies.
640 2047 711 2089 De
741 2047 878 2090 forma
907 2047 1030 2090 verbi
1060 2050 1250 2090 transiet
1278 2048 1391 2090 nihil·
1407 2052 1541 2092 ausim
1567 2051 1851 2094 contendere:
1876 2065 1945 2094 res
1967 2057 2031 2093 est
2051 2048 2284 2093 admodum

48 2112 54 2124 ‘
108 2114 263 2160 dubia:
300 2121 446 2171 potest
476 2116 587 2157 enim
618 2117 789 2172 quaeri,
826 2129 929 2157 num
967 2117 1141 2158 omnino
1171 2116 1251 2158 hae
1287 2115 1512 2161 obsoletae
1551 2119 1714 2170 formae
1742 2118 1976 2162 verborum
2010 2120 2179 2175 scriptis
2209 2119 2284 2161 Ti-

106 2182 239 2235 bulli,
267 2183 459 2236 Horatii,
489 2183 757 2240 aliorumque
774 2195 956 2236 aureae,
987 2199 1113 2240 quam
1136 2184 1300 2234 dicunt,
1325 2188 1476 2228 aetatis
1497 2193 1722 2243 poetarum
1743 2186 2022 2244 expellendae
2044 2188 2129 2229 sint
2152 2188 2283 2239 (con-

108 2250 504 2295 fer.¹Rud·dimann.
532 2253 679 2294 institt.
707 2257 939 2308 grammatt.
970 2251 1009 2293 T
1012 2266 1094 2294 om.
1115 2253 1147 2295 Ι.
1168 2267 1209 2309 p.
1230 2253 1362 2306 281),
1400 2267 1456 2296 an
1494 2255 1744 2299 retinendae
1778 2257 1924 2312 potius
1959 2269 2009 2297 ac
2036 2252 2282 2297 servandae.

108 2333 208 2363 nam
232 2321 384 2362 raritas
413 2321 504 2376 ipsa
534 2334 613 2376 per
641 2334 688 2362 se
719 2333 810 2362 non
844 2322 998 2363 vitiosa
1027 2327 1092 2363 est
1118 2335 1199 2363 nec
1228 2321 1461 2364 absurdum
1500 2324 1581 2366 erit
1616 2331 1788 2380 putare,
1826 2323 2038 2380 placuisse
2064 2320 2282 2365 interdum

107 2388 250 2445 poetis
279 2401 350 2439 ea,
380 2401 492 2444 quae
524 2387 803 2444 quotidianus
830 2403 972 2431 sermo
992 2389 1213 2446 refugerit.
1261 2389 1476 2446 Equidem
1501 2392 1654 2447 utique
1678 2393 1723 2433 in
1744 2391 1829 2433 hoc
1847 2404 2006 2447 genere
2028 2390 2282 2432 testimoniis

102 2455 300 2500 'veterum
322 2458 686 2512 grammaticorum
711 2463 754 2500 et
781 2455 992 2501 librorum
1021 2459 1267 2500 auctoritati
1285 2458 1516 2515 plurimum
1538 2458 1814 2502 tribuendum
1836 2458 2002 2502 iudico:
2033 2458 2280 2515 superstitio

99 2530 249 2568 >tamen
286 2525 331 2566 in
359 2523 478 2566 nulla
507 2538 556 2567 re
590 2524 805 2568 laudanda
834 2532 908 2568 aut
934 2525 1210 2569 defendenda
1241 2533 1318 2570 est.
1377 2528 1476 2570 Viri
1506 2526 1623 2570 docti
1652 2529 1843 2571 transiet
1869 2528 2024 2570 mutari
2052 2525 2207 2568 volunt
2235 2527 2282 2568 in

106 2593 308 2642 transiit:
337 2591 444 2634 haec
470 2594 648 2636 mutatio
677 2607 763 2635 una
792 2593 915 2636 litera
944 2593 1191 2636 conficitur:
1218 2594 1336 2636 nulla
1364 2597 1492 2652 igitur
1521 2610 1650 2638 causa
1680 2602 1765 2648 est,
1804 2609 1883 2637 cur
1909 2595 2174 2652 pervicacius
2205 2592 2281 2636 ad-

88 2653 300 2714 rem—eris.
360 2659 737 2716 Quemadmodum
773 2676 880 2705 vero
915 2676 1046 2705 voces
1084 2677 1218 2720 quam
1256 2665 1345 2707 cito
1378 2678 1474 2706 cum
1504 2663 1648 2707 verbis
1677 2679 1772 2708 non
1798 2666 1953 2722 segnis
1980 2668 2076 2706 stat
2104 2668 2277 2714 coeant,

107 2724 153 2770 id
180 2725 303 2770 nullo
331 2735 458 2784 pacto
487 2729 668 2787 intelligi
696 2737 861 2787 potest:
897 2745 995 2773 nam
1034 2745 1128 2774 non
1163 2733 1317 2789 segnis
1347 2738 1443 2775 stat
1478 2732 1594 2775 valet
1623 2739 1742 2775 certe
1771 2746 1862 2776 non
1890 2732 2060 2775 moveri
2095 2729 2165 2773 vel
2193 2731 2277 2782 ire,

106 2791 185 2837 sed
213 2793 403 2838 celer-ius
430 2798 510 2840 ire.
547 2798 799 2842 Monstrose
819 2800 948 2855 igitur
977 2799 1134 2842 dictum
1163 2798 1299 2842 foret:
1327 2814 1462 2858 quam
1491 2802 1580 2843 cito
1611 2800 1800 2844 celerius
1827 2800 1865 2843 it
1892 2805 2168 2857 remeatque:
2195 2797 2279 2844 hoc

105 2862 538 2906 monstrumtollitur
565 2879 668 2908 sana
698 2865 987 2922 distinguendi
1013 2868 1203 2918 ratione,
1233 2881 1318 2924 qua
1347 2870 1423 2924 qui
1451 2874 1650 2920 utuntur,
1685 2867 1867 2920 faciunt,
1897 2873 1946 2910 ut
1979 2880 2109 2910 voces
2142 2880 2278 2925 quam

105 2931 196 2975 cito
225 2931 456 2987 iungantur
493 2946 589 2979 cum
626 2931 772 2977 verbis
811 2936 993 2978 transiit
1030 2941 1178 2978 aetas:
1214 2937 1284 2978 cui
1320 2937 1658 2994 interpunctioni
1691 2950 1783 2980 non
1820 2935 1982 2990 obstat,
2017 2935 2140 2995 quod
2175 2934 2279 2979 sub-
