2462 3112
1167 135 1273 174 Xssl

133 257 366 314 ablativum
398 268 513 306 esse,
544 253 647 296 lena
677 260 817 296 autem
849 254 1071 296 traiectum
1105 252 1267 295 volunt.
1306 254 1363 295 At
1392 253 1477 295 hoc
1504 251 1680 309 quidem
1710 251 1942 294 verborum
1970 251 2144 294 ordine:
2175 253 2317 295 tacito

131 325 332 383 permisit
352 324 579 373 ministro,
610 323 706 378 quis
731 328 952 378 agnoscat,
983 322 1189 363 ministro
1217 335 1312 363 esse
1332 319 1593 363 ablativum?
1619 321 1715 376 quis
1737 334 1870 376 porro
1892 320 2114 361 traiectum
2135 318 2318 362 verbum

131 393 348 452 permittit
374 397 416 434 et
445 391 716 432 interiectum
737 388 863 431 simul
885 390 1106 444 sequentis
1135 390 1374 431 sententiae
1399 387 1641 431 subiectum
1666 387 1789 430 lento
1812 388 1953 429 animo
1980 386 2116 429 ferat?
2145 385 2318 430 Callum

133 459 331 518 proiecto
355 471 532 501 necesse
564 463 629 499 est
654 459 746 500 eius
768 457 987 500 stomacho
1010 455 1247 499 obductum
1271 458 1345 507 sit,
1375 457 1445 498 cui
1474 457 1551 498 ista
1575 455 1788 512 placeant.
1826 455 2087 499 Coniectura
2110 454 2320 512 Scaligeri

130 528 332 586 permisit
368 525 470 568 vela
508 524 563 567 ab
602 525 781 582 Heynio
823 532 866 567 et
903 524 1154 577 Huschkio‚
1194 525 1458 567 Lachmanni
1497 538 1649 567 nonne
1688 537 1710 565 a
1741 524 1945 566 Dissenio
1985 522 2202 580 repulsata
2243 528 2318 565 est.

132 594 301 638 Mureti
329 594 618 636 coniecturam
643 607 779 649 saepe
808 592 1011 648 Heynius
1042 593 1427 635 commodissimam
1459 591 1594 645 ducit,
1624 592 1704 635 sed
1734 591 1991 648 languidam.
2028 591 2140 634 Mihi
2167 592 2317 632 inven-

131 669 220 706 tum
241 662 323 704 viri
346 660 644 718 elegantissimi
669 667 899 717 propterea
920 674 1010 703 non
1032 659 1262 717 probatur,
1293 659 1414 717 quod
1437 674 1573 718 saepe
1602 661 1753 717 iniquo
1784 659 1885 702 loco
1908 658 2165 702 inculcatum
2190 658 2318 700 foret.

132 730 238 772 Erat
272 730 383 772 enim
402 761 413 780 ,
451 730 534 770 nisi
559 742 629 770 me
660 729 801 771 omnia
831 727 1013 779 fallunt,
1042 728 1152 770 haec
1178 743 1262 770 vox
1288 727 1541 785 geminanda
1559 760 1570 779 ‚
1600 730 1658 770 ita
1688 735 1735 770 ut
1764 727 2005 771 diceretur:
2039 740 2175 784 saepe
2205 723 2317 768 cleas

133 799 273 842 tacito
299 803 402 848 cet„
428 811 564 855 saepe
591 794 702 839 deus
730 809 912 839 somno:
943 795 1064 852 quod
1088 803 1229 838 tamen
1251 797 1442 853 ineptum
1471 803 1607 839 esset:
1637 802 1766 852 caput
1789 797 1900 838 enim
1922 796 2156 837 sententiae
2178 800 2242 836 est
2271 795 2318 836 iu

132 863 278 908 verbis
306 866 402 923 ipse
431 862 555 906 deus.
603 862 828 906 Huschkio
851 863 1046 905 Santenii
1067 865 1253 919 vestigiis
1284 865 1494 922 insistenti
1524 862 1685 920 placuit
1700 862 1848 917 frena
1876 864 2098 921 permisit:
2130 861 2251 919 quod
2274 867 2318 903 et

134 936 230 990 ipse
264 931 484 989 quondam
514 932 792 973 conieceram.
832 929 1060 976 Translata
1081 933 1278 974 nimirum
1306 934 1444 989 imago
1475 930 1529 974 ab
1561 945 1676 988 equo
1706 931 1759 974 ad
1786 931 2000 974 hominem
2030 930 2164 982 foret,
2195 930 2318 971 cuius

134 1001 318 1044 hominis
347 999 489 1056 lingua
509 998 709 1041 mercede
729 997 802 1040 vel
831 998 919 1041 fide
951 997 1026 1042 diu
1055 999 1256 1042 adstricta
1287 999 1432 1043 subito
1454 1002 1577 1057 quasi
1605 999 1753 1042 laxatis
1783 1000 1914 1042 frenis
1943 1001 1987 1041 in
2018 998 2153 1041 libera
2182 996 2319 1059 verba

137 1071 364 1127 erupisset.
409 1069 705 1110 Veruntamen
734 1082 789 1110 ne
818 1067 925 1109 haec
962 1067 1135 1124 quidem
1170 1070 1269 1110 satis
1298 1068 1479 1125 placent.
1521 1068 1694 1111 Etenim
1723 1068 1989 1111 manifestum
2024 1074 2111 1119 est,
2143 1064 2317 1108 duobus

134 1137 199 1180 his
231 1136 421 1180 distichis
451 1135 515 1186 id,
545 1135 665 1192 quod
696 1150 826 1192 supra
858 1135 1016 1178 dictum
1050 1143 1131 1187 est,
1162 1135 1290 1178 deum
1321 1136 1438 1189 fore,
1469 1139 1544 1193 qui
1574 1136 1700 1179 dolos
1732 1136 1928 1179 occultos
1951 1150 2044 1179 esse
2064 1148 2154 1178 non
2181 1135 2318 1191 patia-

135 1213 225 1257 tur,
253 1207 311 1248 ita
343 1203 563 1261 explicari,
594 1210 643 1246 ut
665 1211 797 1260 poeta
819 1211 1014 1255 moneat,
1041 1206 1179 1261 ipsum
1211 1203 1338 1247 deum
1364 1205 1722 1256 machinaturum,
1752 1212 1799 1247 ut
1830 1212 1903 1248 aut
1932 1206 2123 1247 minister
2153 1203 2319 1258 alioqui

135 1275 372 1316 taciturnus
402 1286 481 1329 per
514 1270 762 1314 ebrietatem
795 1279 867 1314 aut
899 1274 1100 1328 periurus
1131 1287 1241 1330 puer
1270 1288 1350 1330 per
1379 1275 1518 1316 somni
1549 1276 1737 1330 quietem
1756 1306 1766 1324 ‚
1807 1281 1991 1330 uterque
2019 1275 2178 1316 invitus
2196 1303 2207 1323 ,
2242 1271 2317 1312 has

133 1343 346 1399 nequitias
375 1339 546 1399 prodat.
591 1340 703 1383 Sunt
731 1348 870 1384 autem
901 1343 946 1383 in
974 1339 1038 1382 his
1058 1339 1254 1383 versibus
1277 1343 1418 1383 omnia
1440 1343 1498 1384 ita
1520 1343 1776 1397 composita,
1808 1348 1854 1383 ut
1874 1340 2005 1383 verba
2036 1339 2200 1398 singula
2232 1341 2318 1381 sin-

134 1409 243 1467 gulis
272 1423 410 1467 prope
429 1407 744 1465 respondeant:
776 1423 888 1465 quae
911 1411 945 1451 si
970 1410 1083 1450 inter
1103 1423 1149 1450 se
1177 1411 1511 1466 comparaveris,
1541 1409 1670 1452 facile
1701 1411 1879 1461 senties,
1910 1411 1969 1461 ei,
1998 1424 2126 1466 quam
2147 1408 2318 1451 Husch-

133 1478 234 1520 kius
253 1477 413 1529 voluit,
442 1477 561 1519 vocis
589 1479 850 1533 permittere
880 1476 1181 1533 significationi
1212 1476 1354 1519 locum
1380 1491 1469 1520 non
1493 1491 1600 1520 esse.
1631 1477 1823 1521 Iuvenal.
1848 1479 1918 1519 lx.
1941 1478 2036 1520 111.
2059 1491 2139 1519 nec
2161 1475 2317 1527 deerit,

137 1548 212 1603 qui
241 1548 438 1588 miseram
468 1546 645 1588 vinosus
675 1543 858 1587 inebriet
888 1560 1046 1588 aurem.
1093 1544 1272 1588 Ovid.-l.
1296 1546 1423 1588 Trist.
1445 1545 1497 1588 ΙΙ.
1521 1547 1617 1589 446.
1649 1546 1727 1589 sed
1759 1546 1944 1603 linguam
1973 1548 2104 1588 nimio
2135 1559 2226 1588 non
2255 1551 2319 1587 te·

133 1616 281 1656 nuisse
298 1627 431 1655 mero.
460 1612 658 1668 Propert.
678 1611 751 1654 ΙΙΙ.
773 1613 846 1663 11,
875 1612 943 1654 56.
986 1614 1083 1655 Nec
1114 1612 1234 1655 ducis
1255 1612 1430 1656 assiduo
1450 1612 1594 1669 lingua
1615 1613 1781 1671 sepulta
1804 1629 1938 1657 mero.
1969 1614 2123 1656 Senec.
2144 1614 2223 1669 Ep.
2247 1611 2316 1654 83.

132 1681 234 1724 huic
260 1688 400 1728 autem
430 1682 642 1722 neminem
673 1682 996 1722 commissurum
1026 1695 1179 1722 arcana
1197 1714 1207 1732 ‚
1238 1696 1350 1737 quae
1381 1696 1460 1738 per
1487 1684 1632 1724 vinum
1668 1682 1817 1739 eloqui
1847 1684 1994 1739 possit.
2036 1680 2156 1738 Quid
2188 1682 2316 1737 ergo?

135 1748 317 1791 fortasse
346 1747 607 1804 legendum:
648 1747 752 1806 Ipse
782 1746 893 1791 deas
924 1750 1064 1791 tacito
1093 1751 1295 1805 permisit
1319 1749 1477 1808 lingua
1507 1752 1709 1794 ministro
1738 1749 1908 1794 Ederet
1937 1756 1985 1793 ut
2009 1749 2149 1792 multo
2175 1747 2317 1791 libera

136 1815 272 1859 verba
302 1830 446 1858 mero:
477 1815 555 1858 der
586 1815 695 1858 Gott
726 1815 858 1858 selbst
887 1817 1031 1872 ftigt’s,
1065 1816 1163 1859 dass
1193 1817 1288 1860 dem
1318 1818 1649 1875 schweigsamen
1678 1819 2052 1874 Zwischentriiger
2081 1817 2150 1860 die
2168 1818 2318 1872 Zunge

134 1886 180 1926 in
209 1883 288 1926 der
306 1881 603 1926 Truukenheit
626 1883 986 1927 kundmachende
1005 1885 1172 1927 Worte
1201 1885 1374 1941 spricht.
1411 1886 1594 1930 Dativus
1624 1890 1763 1931 tacito
1784 1889 1986 1930 ministro
2018 1901 2099 1944 pro
2128 1886 2316 1942 genitivo

135 1953 302 2008 positus
334 1950 496 1994 indicat
517 1984 527 2002 ‚
564 1952 924 2002 invitoministro
955 1952 1139 2010 linguam
1173 1955 1274 1995 vino
1313 1953 1496 1997 solutam
1528 1963 1695 1998 secreta
1726 1955 1931 1998 effutisse.
1992 1955 2157 2011 Lingua
2188 1954 2317 2009 igitur

138 2018 248 2062 ebrii
277 2020 389 2062 servi
420 2020 542 2075 quasi
571 2022 900 2062 instrumentum
932 2019 1065 2072 foret,
1099 2035 1188 2078 quo
1219 2022 1325 2063 deus
1355 2021 1410 2064 ad
1441 2023 1732 2066 ulciscendam
1763 2026 1887 2081 pueri
1917 2023 2143 2081 perfidiam
2173 2029 2318 2063 utere-

135 2094 218 2130 tur.
268 2085 355 2130 Sed
385 2085 561 2129 videant
591 2089 946 2144 perspicaciores.
979 2112 1033 2121 —
1071 2104 1109 2131 v,
1141 2089 1209 2136 31.
1247 2089 1414 2133 nullius
1454 2089 1602 2134 divitis
1638 2094 1740 2135 auri
1777 2090 1981 2148 pondere
2014 2091 2315 2133 Lachmannus

136 2169 188 2198 ex
204 2153 390 2198 Eborac.
413 2157 630 2212 reposuit:
660 2158 704 2198 in
729 2156 820 2199 aliis
840 2156 962 2199 libris
988 2157 1144 2214 legitur
1159 2157 1285 2200 nullo
1309 2157 1403 2207 tibi;
1433 2160 1476 2200 in
1498 2158 1642 2202 Aldin.
1663 2159 1790 2203 nullo
1819 2166 1874 2202 te.
1915 2158 2095 2209 Divitis,
2124 2166 2172 2200 ut
2198 2156 2316 2215 apud

135 2225 272 2266 Tacit.
294 2223 404 2266 Hist.
431 2222 461 2279 l.
487 2223 556 2265 51.
595 2222 699 2267 belli
733 2223 935 2268 ditissimi
974 2233 1018 2267 et
1056 2228 1264 2268 sexcentis
1302 2225 1401 2268 'aliis
1439 2226 1544 2270 locis
1582 2227 1695 2270 valet
1734 2226 1921 2271 ditantis
1961 2226 2316 2281 (bereichernd).

136 2292 182 2335 si
212 2292 415 2348 scriptum
447 2298 560 2334 esset
590 2292 757 2335 nullius
787 2295 888 2335 auri
914 2293 1118 2349 pondere
1150 2310 1254 2336 »um
1286 2294 1437 2338 keines
1468 2294 1621 2338 Gold’s
1653 2295 1908 2347 Gewichtu,
1941 2295 2165 2338 serendum
2190 2301 2314 2337 esset.

133 2359 425 2403 numerandus
443 2362 552 2402 enim
572 2366 681 2402 esset
701 2360 824 2403 locus
843 2363 887 2403 in
906 2374 959 2404 eo
980 2376 1156 2418 genere,
1183 2363 1237 2405 de
1255 2378 1343 2419 quo
1363 2363 1461 2406 vide
1480 2363 1669 2407 Ellendt.
1687 2364 1741 2407 ad
1759 2364 1851 2407 Cic.
1870 2364 1924 2407 de
1944 2372 2039 2407 orat
2069 2366 2099 2407 1.
2119 2365 2193 2414 45,
2219 2363 2314 2405 199.

134 2429 192 2471 At
222 2442 317 2470 cum
347 2441 463 2470 auro
496 2428 715 2484 epitheton
747 2427 895 2472 divitis
927 2429 1119 2472 additum
1150 2433 1235 2481 sit,
1275 2445 1368 2472 mea
1402 2431 1578 2487 quidem
1615 2433 1821 2488 opinione
1861 2431 2117 2474 adiectivum
2148 2430 2316 2473 nullius

136 2495 272 2539 eidem
301 2493 574 2538 substantivo
604 2498 794 2539 iunctum
826 2497 1064 2541 molestiam
1097 2505 1223 2541 creat.
1283 2499 1464 2556 Proprie
1497 2502 1608 2542 enim
1640 2500 1866 2542 dicendum
1900 2507 2014 2543 erat:
2045 2514 2137 2542 non
2168 2498 2315 2541 divitis

135 2565 237 2606 auri
262 2562 495 2620 pondere,
530 2577 612 2620 pro
639 2579 733 2607 non
762 2573 890 2622 poeta
922 2568 1098 2623 posuit,
1128 2566 1172 2608 id
1204 2567 1324 2623 quod
1355 2567 1510 2609 fortius
1543 2575 1632 2618 est,
1665 2567 1868 2610 nullam:
1908 2570 2026 2623 atqui
2057 2566 2182 2608 nullo
2214 2567 2316 2608 auri

133 2629 336 2686 pondere
364 2630 476 2673 idem
501 2638 582 2683 est,
612 2632 731 2688 quod
756 2649 849 2676 non
873 2649 1012 2685 auro,
1043 2637 1243 2692 quamvis
1261 2635 1448 2678 multum
1466 2638 1536 2678 sit.
1575 2635 1638 2678 Ita
1657 2643 1825 2678 veteres
1849 2651 2080 2694 magnum,
2110 2634 2313 2693 grande,

135 2699 363 2756 ignotum,
393 2705 659 2757 congestum
682 2703 800 2753 auri,
831 2704 995 2760 argenti
1023 2702 1205 2759 pondus
1238 2703 1445 2746 dixerunt.
1495 2705 1590 2760 lpse
1611 2704 1854 2753 Dissenius,
1887 2718 1973 2746 non
2005 2703 2313 2753 damnaverim,

134 2765 294 2820 inquit,
328 2767 579 2821 scripturam
608 2766 791 2811 nullius:
823 2769 1033 2826 significat
1064 2772 1177 2813 enim
1207 2785 1263 2812 ne
1289 2773 1582 2828 copiosissimi
1606 2770 1782 2829 quidem
1812 2773 1913 2814 auri
1939 2769 2154 2829 pondere.
2196 2770 2309 2813 Alte-

132 2846 228 2874 rum
249 2838 387 2874 autem
411 2831 524 2875 idem
553 2833 754 2890 explicat:
783 2851 839 2879 ne
859 2839 1039 2879 maximo
1065 2837 1238 2894 quidem
1263 2837 1471 2894 pondere.
1503 2840 1615 2881 inter
1645 2853 1755 2895 quae
1786 2838 1890 2894 quid
1913 2838 2103 2889 differat,
2135 2837 2311 2880 difficile

136 2906 200 2942 est
239 2899 368 2942 dictu.
427 2899 676 2944 Pronomen
713 2909 758 2946 te
796 2905 960 2946 etiamsi
997 2918 1088 2947 non
1122 2907 1412 2948 necessarium
1444 2914 1536 2958 est,
1574 2906 1799 2950 commode
1838 2914 1978 2949 tamen
2005 2906 2089 2948 hoc
2118 2905 2219 2948 loco
2249 2913 2314 2949 est

132 2969 348 3025 positum:
394 2966 472 3010 tibi
510 2977 718 3026 sequente
764 2986 872 3014 voce
913 2970 1059 3016 divitis
1096 2971 1220 3016 facile
1263 2972 1359 3016 fieri
1395 2976 1537 3030 potuit
1576 2982 1622 3017 ut
1662 2987 1810 3017 errore
1847 2972 2122 3016 librariorum
2160 2987 2308 3017 nasce·
