2462 3112
1140 134 1266 173 m

130 250 365 302 Praefluat
394 257 535 293 autem
556 264 733 307 prorsus
762 254 951 307 ineptum
982 257 1064 292 est:
1091 251 1296 308 profluat
1325 251 1381 294 ad
1410 252 1638 294 sinumvix
1658 251 1850 308 quadrat.
1895 251 2139 294 Huschkius
2168 259 2284 296 moto

132 317 305 373 quidem
336 320 585 374 scripturam
611 319 811 375 perfluat
840 325 976 369 tenet,
1007 317 1084 360 sed
1114 319 1159 360 in
1188 330 1237 360 ea
1266 317 1515 375 explicanda
1543 318 1659 361 haud
1685 320 1774 362 scio
1803 332 1858 360 an
1887 320 2103 362 erraverit.
2154 319 2285 362 Locis

132 393 267 435 certe,
297 399 406 440 quos
435 385 591 438 attulit,
622 385 689 437 id,
720 384 1046 442 quodprobari
1075 384 1190 436 vult,
1219 399 1309 427 non
1337 384 1480 427 efficit.
1521 385 1652 441 Apud
1676 386 1930 429 Ciceronem
1952 385 2005 428 de
2025 387 2118 428 Pin.
2141 384 2192 428 11.
2213 386 2284 430 35:

132 452 246 494 haud
277 451 410 494 dubie
442 452 669 508 legendum
698 459 763 494 est
790 451 1047 509 perfruens.
1105 451 1333 494 Dissenius
1362 459 1502 494 tamen
1532 452 1798 495 Huschkium
1828 459 1996 495 secutus
2024 455 2126 495 item
2154 454 2284 495 inter-

131 527 338 576 pretatur.
383 518 600 562 abundat:
636 519 814 576 intelligi
845 521 955 561 enim
987 520 1145 570 sinum,
1182 521 1258 575 qui
1286 520 1452 575 copiam
1482 532 1707 577 pomorum
1736 533 1826 562 non
1856 522 2003 576 capiat.
2062 519 2285 576 Gruppiue

134 601 310 644 quoque
341 589 466 629 vertit
496 605 519 623 n
534 587 622 629 und
651 600 696 629 es
727 586 871 628 ssiesse
902 589 992 628 sein
1025 586 1212 628 Schooss
1242 584 1353 628 tiber
1380 599 1468 628 von
1496 585 1744 628 reichlicher
1764 586 1970 629 Frucht«.
2011 588 2046 629 A
2077 589 2284 629 sententia

131 669 235 697 sane
263 655 367 696 haec
398 656 691 710 interpretatio
721 668 811 696 non
841 653 1078 709 discrepat:
1114 652 1191 695 sed
1230 667 1313 695 vox
1340 652 1540 711 perfluat
1569 668 1718 709 parum
1747 661 1941 696 accurate
1971 653 2174 710 explicata
2203 660 2284 697 est:

133 722 284 764 Latine
314 721 487 771 dicitur,
529 721 673 773 tellus,
711 735 782 772 os,
818 719 1008 763 membra
1037 722 1242 776 unguine,
1279 719 1400 772 tabo,
1440 734 1594 763 cruore
1627 720 1767 763 fluunt
1795 735 1876 777 pro
1916 735 1940 762 e
1970 720 2142 772 tellure,
2184 735 2283 772 ore,

131 788 332 831 membris
355 803 545 844 unguen,
576 788 743 840 tabum,
773 802 903 830 cruor
931 788 1037 830 fluit.
1082 787 1144 829 Ita
1165 786 1364 843 Appulei.
1392 787 1563 829 Metam.
1588 788 1618 830 l.
1640 802 1681 843 p.
1702 788 1769 830 47.
1791 787 1911 830 dixit:
1941 787 2100 830 sudore
2129 788 2283 845 frigido

131 860 260 899 miser
279 856 449 912 perfluo
474 863 516 898 et
538 855 649 898 libro
671 855 861 898 secundo
884 871 925 911 p.
950 856 1045 897 166.
1067 854 1235 897 sudore
1260 853 1478 908 diffluens
1501 857 1569 907 (v,
1591 869 1669 897 scr.
1694 853 1920 907 defluens,
1939 854 2015 897 sed
2036 854 2120 897 vid.
2141 863 2284 898 annot.

134 923 463 979 Oudendorp),
494 923 887 980 quorumalterum
918 929 1007 964 est:
1035 922 1103 964 ich
1132 921 1255 964 triefe
1286 936 1392 977 ganz
1421 921 1511 963 und
1540 937 1613 978 gar
1641 921 1711 964 vel
1740 936 1806 964 am
1835 936 2000 978 ganzen
2019 920 2154 963 Leibe
2184 934 2285 964 vom

131 991 275 1033 kalten
293 991 547 1032 Schweisse:
571 990 746 1033 alterum
769 993 812 1032 in
829 989 1037 1032 Schweiss
1062 989 1354 1032 zertliessend:
1378 1003 1487 1045 quae
1510 988 1673 1031 locutio
1695 989 1785 1032 aliis
1807 983 1983 1046 quoque
2007 988 2287 1045 scriptoribus

132 1065 336 1114 usurpata
360 1065 438 1100 est:
469 1058 522 1100 ad
545 1072 673 1114 quem
703 1072 826 1099 usum
856 1056 1064 1112 loquendi
1092 1059 1127 1098 si
1147 1057 1230 1099 hoc
1256 1056 1355 1099 loco
1386 1056 1586 1112 scriptum
1606 1063 1720 1098 esset
1745 1057 1961 1113 perfluat,
1991 1055 2286 1113 explicandum

131 1126 239 1168 illud
268 1126 400 1168 foret:
428 1140 485 1168 ex
512 1128 612 1168 sinu
631 1139 767 1182 poma
794 1124 1041 1182 perfluant:
1073 1124 1212 1181 quod,
1245 1139 1339 1166 cum
1369 1138 1496 1179 poma
1524 1138 1668 1180 neque
1699 1138 1788 1166 uno
1810 1123 1928 1166 velut
1957 1131 2108 1167 tenore
2137 1139 2161 1166 e
2189 1126 2283 1166 sinu

135 1192 390 1235 delabantur
422 1207 562 1249 neque
593 1195 767 1235 omnino
799 1207 822 1234 a
852 1193 963 1234 Pace
991 1193 1087 1233 sinu
1116 1193 1381 1234 excutiantur
1400 1224 1410 1242 ‚
1448 1204 1537 1232 non
1565 1191 1695 1234 video
1728 1190 2083 1247 quemadmodum
2114 1205 2210 1233 cum
2238 1206 2287 1234 re

133 1268 349 1317 congruat.
386 1261 469 1302 lam
489 1275 595 1303 vero
618 1267 799 1310 constat,
827 1259 1009 1301 laxiores
1031 1267 1171 1301 vestes
1192 1274 1215 1301 a
1237 1257 1454 1301 veteribus
1465 1259 1667 1310 fluentes
1692 1258 1824 1300 dictas
1847 1265 1974 1309 esset,
2003 1257 2119 1300 velut
2137 1258 2286 1315 Virgil.

133 1331 239 1372 Aen.
262 1329 293 1370 Ι.
315 1329 411 1371 319.
432 1331 555 1371 sinus
564 1329 767 1380 fluentes
785 1335 825 1370 et
842 1326 1037 1383 Appulei.
1066 1327 1238 1369 Metam.
1258 1326 1328 1369 XI.
1351 1341 1391 1383 p.
1414 1326 1530 1377 759„
1561 1340 1686 1381 quem
1706 1325 1847 1368 locum
1863 1325 2107 1367 Huschkius
2128 1325 2287 1376 attulit,

133 1395 320 1439 ambitus
345 1396 495 1453 pallae
522 1395 784 1454 perfluebat.
812 1395 960 1451 Itaque
988 1395 1188 1452 perfluat
1217 1401 1262 1437 et
1289 1395 1433 1450 pomis
1463 1392 1680 1436 candidus
1711 1399 1816 1435 ante
1837 1395 1959 1435 sinus
1986 1391 2166 1448 explico:
2198 1393 2285 1435 und

136 1479 181 1506 es
204 1464 390 1506 bausche
413 1478 511 1506 vom
532 1462 672 1506 Obste
693 1477 800 1519 ganz
830 1465 938 1520 (per
961 1470 1024 1504 est
1054 1465 1163 1504 enim
1193 1461 1326 1503 durch
1349 1460 1437 1503 und
1459 1460 1621 1513 durch)
1651 1460 1758 1503 nach
1787 1474 1922 1502 vome
1943 1460 2016 1501 hin
2042 1459 2119 1502 der
2138 1459 2287 1502 schim-

134 1531 312 1574 mernde
341 1531 588 1573 Busen-vel
618 1530 737 1586 quod
767 1530 879 1572 idem
912 1537 1000 1571 est:
1042 1544 1089 1571 er
1118 1530 1254 1586 hange
1284 1543 1384 1571 vom
1417 1527 1559 1571 Obste
1589 1531 1673 1581 (sc.
1705 1535 1905 1578 onustus,
1939 1527 2151 1579 refertus)
2181 1541 2295 1583 ganz⁴

133 1600 242 1642 nach
270 1613 406 1641 vome
437 1599 650 1640 herunter.

217 1667 312 1708 Lm.
333 1666 384 1707 11.
414 1665 532 1721 Eleg.
555 1666 584 1707 l.
615 1680 652 1706 V.
678 1665 715 1705 l.
766 1662 969 1719 Quisquis
998 1661 1147 1714 adest,
1177 1663 1336 1704 valeat.
1387 1663 1510 1703 Haec
1541 1668 1604 1703 cst
1633 1661 1817 1717 vulgata:
1850 1660 1904 1702 ab
1936 1675 1984 1702 ea
2012 1667 2123 1702 stant
2154 1661 2288 1702 Lach-

135 1748 312 1775 mannus
344 1739 384 1774 et
408 1732 641 1789 Gruppius.
684 1732 829 1786 Atque
857 1729 1143 1786 precabantur
1171 1738 1336 1772 veteres
1362 1731 1407 1771 in
1433 1729 1497 1771 his
1528 1731 1678 1780 sacris,
1708 1735 1756 1770 ut
1783 1729 1887 1771 deus
1916 1741 2006 1770 non
2033 1742 2189 1784 pecora
2219 1742 2288 1770 so·

134 1801 223 1842 lum
253 1800 371 1842 salva
404 1806 617 1851 servaret,
647 1798 722 1841 sed
752 1800 864 1854 patri
894 1812 1071 1853 quoque
1103 1797 1307 1848 familias,
1341 1796 1487 1839 domui
1520 1803 1561 1838 et
1590 1795 1772 1838 familiae
1802 1795 1977 1837 salutem
2009 1802 2052 1836 et
2079 1794 2287 1837 valetudi-

133 1883 232 1911 nem
253 1868 372 1910 daret
397 1867 535 1921 (conf.
560 1867 671 1910 Cato
694 1866 747 1908 de
765 1880 813 1907 re
836 1867 978 1906 rustic.
1000 1879 1034 1906 c.
1062 1865 1187 1916 141.).
1218 1865 1319 1905 Vox
1343 1871 1481 1905 tamen
1502 1862 1652 1904 valeat
1670 1864 1809 1904 statim
1829 1864 1872 1904 in
1897 1862 2072 1905 exordio
2093 1865 2289 1904 carminis

133 1938 293 1992 posita,
323 1937 442 1990 prius
464 1949 589 1990 quam
612 1934 716 1976 deus
746 1935 968 1975 invocatus
990 1938 1118 1983 esset,
1148 1933 1249 1974 viris
1272 1931 1408 1973 doctis
1435 1930 1662 1972 offensioni
1691 1937 1792 1972 erat.
1823 1936 2084 1986 quapropter
2102 1929 2290 1985 Scaliger

123 2003 290 2057 faveat
320 2002 540 2058 legendum
572 2008 726 2043 censet.
773 2001 844 2042 Sic
874 2002 984 2042 enim
1006 2007 1173 2041 veteres
1201 2001 1330 2041 sacris
1360 1997 1568 2040 faciundis
1589 1997 1803 2054 praefatos
1835 2011 1946 2046 esse3
1976 1997 2128 2039 Dousa
2148 2003 2287 2039 autem

134 2070 250 2112 filius
280 2069 408 2111 scribi
437 2069 581 2111 maluit
612 2070 808 2126 quisquis
838 2067 966 2117 ades,
986 2066 1167 2119 faveas.
1206 2068 1305 2109 huic
1326 2067 1521 2122 Heynius
1553 2071 1595 2106 et
1622 2063 1866 2106 Huschkius
1896 2066 2053 2106 assensi
2083 2071 2199 2115 sunt,
2227 2063 2289 2106 illi

135 2139 391 2194 suffragatus
413 2144 476 2179 est
496 2138 732 2178 Dissenius.
761 2136 855 2191 Ego
878 2136 1104 2190 quominus
1127 2134 1341 2190 Scaligero
1365 2134 1642 2182 consentiam,
1673 2132 1757 2174 hoc
1776 2145 1864 2173 uno
1886 2130 2139 2187 prohibeor,
2169 2131 2286 2187 quod

135 2219 225 2246 non
254 2206 421 2246 memini
452 2218 518 2245 me
556 2203 696 2259 legere
712 2202 830 2255 fave
859 2204 904 2243 in
932 2201 1003 2243 illa
1034 2216 1250 2243 sacrorum
1280 2200 1548 2256 praefatione
1578 2199 1693 2241 nude
1722 2201 1926 2255 positum:
1964 2197 2126 2253 ubique
2157 2200 2286 2248 enim,

138 2272 258 2328 quod
289 2286 368 2327 ego
400 2273 548 2319 sciam,
576 2270 747 2311 additur
767 2269 922 2326 lingua
943 2283 1019 2311 seu
1042 2269 1206 2326 linguis
1236 2275 1308 2310 aut
1338 2282 1418 2310 ore
1447 2274 1520 2309 aut
1552 2269 1674 2309 etiam
1705 2267 1860 2308 anim-is
1889 2265 2027 2317 (conf.
2056 2266 2287 2320 interprett.

135 2340 187 2381 ad
211 2340 359 2380 Horat.
383 2337 433 2381 C.
457 2338 528 2378 111.
550 2338 594 2387 l,
624 2337 696 2388 2.).
737 2336 862 2391 Quae
891 2336 1001 2377 infra
1030 2336 1229 2393 leguntur
1258 2334 1339 2388 (ΙΙ.
1363 2349 1396 2376 c.
1414 2335 1460 2386 5,
1493 2335 1570 2387 1.):
1601 2332 1778 2376 Phoebe
1796 2332 1914 2386 fave
1939 2333 2003 2374 his
2029 2345 2118 2375 non
2139 2334 2286 2387 magis,

138 2406 327 2449 conferri
358 2411 565 2461 possunt,
602 2418 727 2459 quam
755 2402 886 2444 verba
917 2402 1067 2445 Ovidii
1099 2404 1296 2452 (Metam.
1317 2401 1553 2454 111.613.):
1587 2402 1778 2457 quisquis
1809 2414 1873 2450 es,
1906 2413 1933 2442 o
1968 2399 2122 2441 faveas.
2175 2399 2287 2442 Nam

135 2473 359 2516 commode
379 2473 438 2513 Di
460 2479 501 2513 et
523 2472 602 2513 viri
631 2472 898 2526 potentiores
924 2470 1123 2512 dicuntur
1139 2469 1319 2524 favere.
1355 2468 1546 2511 Omnino
1574 2470 1609 2510 si
1637 2469 1832 2509 verteris:
1861 2466 2016 2508 Jedem
2038 2466 2116 2508 der
2133 2467 2289 2508 Anwe-

133 2541 294 2583 senden
324 2539 426 2581 Heil
458 2539 545 2580 und
573 2538 827 2590 VVohlsein,
855 2551 945 2580 non
975 2540 1074 2588 erit,
1104 2537 1224 2593 quod
1254 2543 1389 2592 optes.
1420 2559 1475 2567 —
1503 2550 1543 2577 v.
1565 2536 1606 2576 2.
1647 2536 1821 2592 priscus
1851 2548 1972 2575 avus.
2005 2535 2169 2588 priscus
2197 2546 2286 2575 non

136 2615 318 2650 aetatem
347 2613 540 2662 spectat,
581 2605 659 2647 sed
688 2619 841 2647 mores.
871 2605 982 2647 conf.
1006 2604 1162 2648 Catull.
1189 2604 1240 2647 C.
1264 2604 1358 2645 168.
1379 2618 1417 2644 v,
1442 2603 1561 2644 159.:
1592 2603 1757 2657 priscus
1786 2614 1950 2655 parens.
1979 2622 2035 2630 —-
2063 2613 2103 2641 V.
2122 2599 2162 2641 6.
2191 2614 2287 2641 sus-

132 2690 272 2731 penso
306 2688 495 2716 vomere.
527 2673 639 2714 conf.
661 2672 812 2728 virgil.
833 2671 980 2727 Eclog.
1003 2673 1054 2713 Il.
1075 2673 1143 2713 66.
1174 2678 1312 2713 aratra
1340 2672 1441 2726 iugo
1472 2669 1667 2711 referunt
1696 2681 1900 2723 suspensa
1929 2668 2110 2708 iuvenci.
2140 2667 2288 2709 Horat.

136 2741 275 2797 Epod.
309 2741 358 2782 ll.
388 2741 473 2783 63.:
512 2753 728 2782 vomerem
756 2740 971 2780 inversum
1000 2738 1138 2780 boves
1168 2738 1283 2780 collo
1315 2737 1541 2779 trahentes.
1571 2760 1624 2768 -
1654 2749 1694 2776 v·
1725 2735 1762 2776 7.
1796 2732 1956 2775 solvite
1982 2732 2129 2775 vincla
2159 2735 2286 2792 iugis.

137 2811 200 2851 Ex
229 2809 293 2850 his
322 2808 465 2850 verbis
488 2808 669 2849 Vossius
691 2805 890 2848 sollerter
916 2808 1118 2856 coniecit,
1148 2819 1313 2847 sacrum
1341 2817 1431 2846 non
1449 2816 1572 2844 mane
1602 2800 1757 2843 factum
1784 2813 1888 2841 esse.
1932 2799 2075 2854 Atque
2103 2801 2139 2841 si
2158 2798 2288 2842 verba

135 2877 293 2919 solvite
322 2875 468 2918 vincla
495 2876 611 2932 iugis
640 2873 783 2915 valent
811 2872 972 2915 demite
1000 2875 1143 2915 tauris
1175 2875 1306 2930 iuga,
1336 2870 1451 2912 haud
1481 2868 1658 2912 dubium
1689 2873 1774 2917 est,
1805 2867 1909 2921 quin
1937 2865 2004 2907 hic
2035 2865 2126 2907 dies
2154 2865 2287 2908 festus

136 2946 181 2984 in
210 2945 417 2985 intercisis
446 2943 586 2984 fuerit.
629 2941 840 2996 Equidem
871 2947 917 2982 ut
946 2942 1108 2983 Vossio
1143 2941 1418 2989 consentiam,
1448 2939 1649 2993 imprimis
1683 2932 1827 2977 verbis
1857 2933 2070 2983 adducor,
2103 2947 2213 2988 quae
2241 2935 2286 2974 in
