2462 3112
1154 129 1300 168 xxlv

147 242 278 285 modo
299 250 480 299 segetem
500 251 706 286 maturam
734 244 803 287 vel
834 246 959 287 etiam
990 245 1243 298 demessam,
1273 245 1350 288 sed
1378 254 1424 289 ut
1444 255 1671 299 aresceret,
1700 250 1744 291 in
1771 252 1879 306 agris
1907 247 2096 293 relictam
2118 251 2299 309 intelligi

148 306 297 352 voluit'.
340 312 458 352 Vere
480 311 645 354 viderat
666 312 883 368 Heynius‚
912 312 990 355 sed
1013 327 1123 368 quae
1145 319 1207 355 est
1236 327 1365 369 saepe
1387 315 1478 356 eius
1507 316 1808 368 inconstantia,
1836 317 1920 359 huc
1947 317 2049 361 illuc
2069 319 2301 361 fluctuavit.
2351 369 2355 373 ⁴

148 378 324 419 Peracta
345 393 480 420 messe
511 393 636 435 agros
666 379 817 435 plenos
847 394 928 422 nec
956 394 1048 422 esse
1069 394 1150 421 nec
1171 379 1254 421 dici
1275 394 1424 436 posse,
1452 382 1721 425 manifestum
1745 391 1826 426 est:
1857 385 2132 440 quamobrem
2153 386 2305 429 Wun-

148 444 356 488 derlichio
387 453 429 488 et
458 446 662 488 Dissenio
693 449 936 499 consentio,
968 449 1041 503 qui
1070 453 1282 498 statuunt,
1313 448 1417 490 haec
1446 463 1565 491 sacra
1592 450 1702 492 facta
1733 465 1827 493 esse
1854 466 1943 494 non
1969 459 2074 509 post
2095 453 2300 503 messem,

146 512 224 554 sed
253 519 357 556 ante
383 528 578 556 messem.
623 513 808 556 Nitidus
839 514 1027 571 denique
1056 528 1145 556 non
1175 522 1336 557 vestem
1364 514 1498 558 solam
1527 523 1707 572 spectat,
1737 517 1813 560 sed
1842 525 1979 560 totum
2000 519 2186 562 habitum
2207 520 2302 562 vul-

146 586 322 635 tumque
341 613 351 631 ,
392 580 527 636 qualis
558 580 668 622 solet
697 581 913 623 hominum
954 595 1047 624 esse
1083 581 1196 624 festo
1236 589 1426 638 tempore
1457 589 1498 624 et
1528 585 1572 625 in
1605 583 1774 626 laetitia.
1801 609 1854 616 —-
1884 600 1922 628 V.
1952 586 2020 628 22.
2063 586 2299 644 Turbaque

143 661 404 697 vernarum,
419 650 562 690 saturi
577 647 694 689 bona
709 650 841 706 signa
862 649 1033 699 coloni,
1052 647 1197 690 Ludet
1215 655 1260 690 et
1276 664 1334 690 ex
1349 651 1488 706 virgis
1508 657 1688 693 extruet
1704 658 1808 694 ante
1827 667 1966 695 casas.
1997 654 2144 696 Horat.
2159 654 2297 710 Epod.

146 714 198 754 II.
226 714 314 756 65.:
353 717 605 770 positosque
636 729 786 757 vernas
819 715 916 758 ditis
947 730 1121 758 examen
1152 715 1303 758 domus
1334 718 1492 758 circum
1521 718 1764 761 renidentes
1790 718 1911 761 lares.
1962 720 2089 763 Conf.
2125 723 2298 763 omnino

144 781 308 836 Heynii
331 789 518 824 annotat.
547 782 600 824 ad
623 783 661 824 h.
686 783 712 824 l.
744 783 1078 826 eruditissimam.
1111 785 1306 840 Propert.
1327 784 1378 825 Il.
1401 785 1477 835 29,
1508 785 1565 826 3.:
1598 784 1727 827 obvia
1747 788 1891 830 nescio
1914 793 2020 842 quot
2048 789 2173 842 pueri
2201 787 2300 829 mihi

144 847 270 889 turba
299 851 459 892 minuta
490 851 692 892 Venerat.
742 857 921 893 extruet
950 865 1007 892 ex
1035 852 1204 908 virgis:
1240 850 1507 906 intelligitur,
1547 854 1763 895 materiem
1793 852 1847 894 ad
1888 853 2139 896 extruendas
2180 868 2297 896 casas

143 917 280 971 virgas
310 916 557 972 praebuisse
587 918 727 970 (conf.
751 918 878 960 Hand
905 918 958 960 ad
983 917 1166 959 Tursell.
1195 917 1248 960 de
1269 920 1416 974 partic.
1442 919 1564 961 Tom.
1588 918 1638 960 ΙΙ.
1660 933 1699 975 p.
1722 919 1851 971 634).
1895 920 2021 962 Ante
2049 919 2300 963 adverbium

147 997 259 1034 esse,
287 998 354 1025 res
388 986 477 1039 ipsa
509 984 653 1027 docet:
684 984 792 1027 valet
815 985 969 1036 davor‚
999 986 1229 1036 vornehin,
1259 988 1316 1027 ita
1345 984 1492 1041 paullo
1523 987 1630 1027 infra
1658 993 1761 1028 ante
1781 989 1886 1029 vias.
1929 987 2048 1043 Quin
2077 994 2181 1030 ante
2206 1001 2299 1044 ger-

144 1064 266 1091 mana
303 1053 511 1107 scriptura
550 1054 623 1102 sit,
666 1051 852 1094 dubitari
891 1055 1065 1109 nequit:
1106 1059 1204 1095 arte
1242 1067 1418 1109 prorsus
1454 1055 1643 1109 ineptum
1682 1061 1758 1096 est.
1817 1053 1963 1096 Ludet
1991 1069 2142 1110 graece
2176 1061 2300 1097 sonat

146 1121 353 1167 πααξεῖται
381 1133 522 1175 neque
556 1118 679 1161 ludet
712 1127 754 1161 et
781 1126 961 1162 extruet
991 1136 1068 1176 per
1097 1120 1147 1162 ἓν
1174 1118 1241 1162 ὁιοὲ
1272 1126 1400 1163 δυοῖν
1429 1120 1675 1176 explicanda
1707 1129 1824 1173 sunt,
1854 1129 1901 1163 ut
1929 1129 2043 1164 recte
2072 1121 2178 1164 vidit
2203 1122 2300 1164 Dis-

144 1187 299 1227 seuius.
321 1210 374 1216 —
395 1201 434 1227 V.
457 1187 524 1228 25.
553 1186 697 1228 viden’
728 1193 787 1229 ut.
820 1187 970 1229 Plures
992 1188 1242 1244 alloquitur,
1273 1187 1347 1230 sed
1379 1188 1433 1230 de
1461 1189 1525 1230 his
1555 1189 1763 1245 singulos:
1793 1189 1903 1231 idem
1924 1189 1972 1230 fit
1995 1189 2130 1231 verbo
2158 1190 2299 1246 inquit

145 1259 186 1294 et
217 1267 371 1309 graeco
399 1254 492 1308 οἵγε.
541 1253 697 1296 Viden⁷
733 1261 782 1296 ut
811 1269 907 1296 cum
939 1255 1168 1297 indicativo
1197 1258 1385 1297 iunctum
1415 1255 1656 1298 admirantis
1688 1264 1749 1298 est
1778 1258 1928 1312 magis,
1960 1271 2084 1311 quam
2115 1257 2298 1298 interro·

144 1322 300 1375 gantis:
331 1323 366 1362 si
389 1323 686 1363 coniunctivus
708 1323 902 1377 ponitur,
931 1336 999 1364 res
1030 1322 1086 1364 ad
1116 1336 1287 1364 sensum
1316 1320 1592 1365 ae'iudicium
1624 1323 1796 1366 alterius
1818 1331 2062 1365 revocatur:
2093 1322 2197 1365 illud
2217 1337 2298 1364 usu

143 1387 328 1443 vulgaris
359 1390 564 1430 sermonis
596 1388 861 1440 defenditur,
891 1389 974 1431 hoc
1004 1405 1099 1431 cum
1129 1393 1420 1446 grammaticae
1450 1393 1689 1447 praeceptis
1720 1391 1916 1432 concinit.
1948 1389 2127 1432 alterum
2155 1396 2300 1432 sonat:

143 1458 229 1496 wie
261 1455 406 1497 deutet
428 1471 474 1497 er
496 1470 569 1505 an,
597 1456 725 1498 siehst
749 1456 877 1507 du’s!‚
910 1457 1084 1499 alterum
1107 1459 1235 1500 siehst
1256 1458 1333 1509 du,
1363 1460 1446 1499 wie
1469 1473 1516 1500 er
1536 1457 1748 1500 andeutet.
1776 1456 1902 1500 Conf.
1925 1458 2049 1499 Haas.
2071 1456 2125 1498 ad
2141 1457 2296 1512 Reisig.

143 1525 322 1564 institut.
343 1537 509 1578 gramm.
532 1523 668 1579 §3252
690 1530 833 1565 annot.
854 1524 949 1565 504,
974 1531 1016 1566 et
1036 1525 1203 1566 Theod.
1223 1523 1413 1566 Schmidt
1431 1525 1484 1567 ad
1501 1526 1648 1567 Horat.
1669 1525 1801 1580 Epist.
1826 1526 1852 1565 l.
1874 1525 1918 1575 1,
1940 1524 2007 1566 91.
2045 1524 2192 1580 Itaque
2208 1537 2296 1566 non

144 1595 227 1641 ost,
255 1604 332 1631 cur
353 1592 553 1631 miremur
576 1605 669 1631 cum
689 1590 933 1642 Huschkio,
964 1591 1082 1647 quod
1104 1606 1192 1634 non
1214 1594 1415 1647 scriptum
1446 1594 1500 1633 sit
1526 1591 1762 1649 significat.
1805 1592 2005 1634 Ceterum
2030 1592 2114 1634 vid.
2131 1592 2297 1634 Dissen.

145 1657 199 1699 ad
219 1657 257 1698 h.
278 1656 303 1698 l.
320 1681 373 1689 —
391 1672 429 1699 v.
445 1658 500 1698 27
517 1673 577 1713 sq.
599 1657 653 1700 N
651 1673 737 1700 unc
753 1657 855 1700 mihi
861 1658 1080 1712 fumosos
1094 1661 1254 1701 veteris
1270 1659 1476 1715 proferte
1490 1658 1710 1700 Falernos
1730 1659 1934 1701 Consulis
1952 1665 1996 1700 et
2015 1658 2120 1701 Chio
2137 1659 2296 1701 solvite

143 1724 290 1766 vinclo
312 1723 461 1767 cados..
492 1724 681 1780 Scaliger
698 1724 831 1766 dedit:
848 1739 966 1768 nune
983 1724 1103 1776 mihi,
1127 1739 1244 1767 nunc
1252 1724 1415 1779 fumos
1439 1750 1486 1756 —-
1502 1724 1740 1768 Falernos:
1765 1729 1884 1768 cuius
1902 1727 2137 1782 scripturae
2156 1733 2295 1768 tamen

143 1793 281 1846 ipsum
304 1799 451 1846 postea
474 1793 699 1847 poenituit.
739 1793 851 1833 Nam
873 1800 914 1834 et
933 1795 1160 1848 geminatio
1181 1794 1297 1834 vocis
1322 1807 1440 1835 nunc
1461 1792 1587 1848 plane
1608 1792 1768 1834 inutilis
1792 1800 1875 1843 est,
1907 1799 1949 1834 et
1969 1793 2117 1848 putide
2138 1793 2293 1835 dictum

141 1857 349 1915 proferte
366 1858 530 1912 fumos
545 1858 776 1902 Falernos.
815 1861 981 1902 Etenim
1012 1860 1213 1916 amphora
1245 1859 1436 1916 quidem,
1466 1867 1514 1902 ut
1543 1863 1687 1902 vinum
1712 1862 1920 1911 mitescat,
1938 1859 2122 1913 fumum
2152 1859 2296 1903 bibere

142 1927 387 1968 instituitur
410 1927 549 1979 (conf.
572 1927 722 1968 Horat.
748 1927 888 1970 Carm.
914 1927 987 1969 111.
1008 1928 1054 1979 8,
1080 1929 1187 1980 11.),
1216 1927 1330 1970 unde
1360 1926 1460 1970 cadi
1483 1927 1646 1970 ovidio
1666 1927 1846 1981 fumosi
1866 1926 2133 1983 appellantur
2151 1928 2294 1980 (Fast.

142 1994 196 2034 V.
215 1994 351 2046 517.):
382 1995 459 2037 sed
489 1998 583 2050 quis
612 2010 799 2051 unquam
831 1996 1045 2037 hominum
1075 1995 1234 2038 biberit
1262 1996 1401 2037 fumos
1423 1995 1628 2037 Falernos
1660 2010 1739 2038 seu
1758 1996 1990 2037 Massicus?
2024 1995 2172 2051 Itaque
2194 1995 2296 2037 Sca-

141 2060 277 2116 ligero
299 2061 569 2117 postmodum
591 2062 711 2104 Statii
733 2063 972 2105 emendatio
989 2062 1228 2116 fumosum
1251 2086 1307 2093 —
1327 2062 1567 2104 Falernum
1587 2062 1769 2120 probata
1801 2069 1876 2104 est.
1895 2061 2109 2115 famosos
2139 2065 2295 2119 opinor

142 2141 232 2169 non
261 2135 343 2170 tam
373 2129 618 2180 oculorum,
648 2144 773 2185 quam
803 2129 950 2172 iudicii
978 2145 1124 2173 errore
1154 2137 1289 2173 satum
1321 2145 1433 2172 esse:
1464 2145 1574 2186 quae
1595 2145 1677 2172 vox
1706 2144 1804 2172 raro
1835 2132 1879 2172 in
1907 2129 2081 2180 bonam,
2111 2129 2294 2186 plerum-

144 2210 229 2251 que
254 2197 297 2237 in
318 2195 468 2237 malam
498 2203 660 2252 partem
689 2204 859 2252 accepta
884 2197 983 2239 huic
1015 2197 1112 2240 loco
1132 2212 1280 2253 parum
1304 2197 1496 2253 quadrat.
1534 2198 1663 2253 Apud
1687 2199 1911 2240 Horatium
1933 2196 2011 2249 (C.
2037 2197 2106 2238 ΙΙΙ.
2128 2197 2201 2248 28,
2231 2197 2291 2250 8.)

142 2263 331 2305 Messala
354 2263 569 2306 Corvinus
590 2263 860 2319 languidiora
880 2267 976 2306 vina
997 2265 1195 2320 postulat.
1226 2265 1295 2306 De
1317 2279 1364 2306 re
1386 2265 1498 2307 conf.
1516 2264 1686 2308 Colum.
1709 2264 1739 2306 1.
1754 2266 1803 2315 6,
1827 2266 1894 2306 20.
1915 2265 2040 2306 Voss.
2062 2264 2115 2306 ad
2133 2264 2291 2320 Georg.

142 2330 196 2371 11.
219 2345 257 2385 p.
282 2330 378 2370 300.
423 2330 671 2372 Offensioni
701 2339 790 2373 erat
820 2332 1096 2374 masculinum
1125 2332 1370 2375 Falernos:
1399 2332 1596 2374 viderunt
1625 2334 1704 2373 viri
1735 2332 1872 2381 docti,
1901 2330 2004 2373 nihil
2037 2346 2163 2387 agere
2195 2346 2290 2382 eos,

143 2402 217 2455 qui
251 2398 419 2454 Virgilii
450 2399 660 2440 Tmolium
688 2406 761 2441 aut
790 2400 1032 2442 Phanaeum
1062 2401 1334 2443 conferrent:
1374 2400 1609 2442 abhorrere
1650 2401 1760 2441 enim
1789 2398 1903 2440 hunc
1931 2397 2140 2455 loquendi
2168 2413 2290 2440 usum

146 2466 412 2508 Graecorum
442 2469 660 2522 proprium
691 2466 745 2508 ab
774 2469 967 2509 oratione
988 2467 1243 2510 Tibulliana.
1282 2468 1432 2523 Itaque
1454 2468 1649 2523 Heynius
1669 2468 1853 2517 monuit,
1884 2480 1932 2507 ex
1953 2465 2153 2521 singulari
2175 2464 2287 2508 cado

143 2533 426 2588 repetendum
458 2548 550 2575 esse
581 2536 863 2575 accusativum
894 2533 1068 2590 pluralis
1098 2536 1289 2585 numeri,
1329 2549 1423 2575 cum
1463 2548 1551 2590 quo
1584 2533 1802 2575 Falernos
1832 2535 2086 2588 iungeretur.
2136 2533 2290 2574 Recte:

144 2615 227 2642 nec
258 2599 497 2642 audiendus
537 2607 599 2642 est
630 2600 895 2651 Huschkius‚
933 2603 1006 2656 qui
1041 2603 1123 2642 nisi
1159 2601 1325 2656 legatur
1357 2600 1471 2642 Chiis
1503 2625 1555 2633 —
1590 2599 1735 2649 cadis,
1772 2598 1817 2641 id
1857 2605 1983 2654 negat
2020 2598 2115 2640 fieri
2148 2613 2288 2655 posse.

147 2668 494 2711 Consentaneum
522 2674 601 2717 est,
635 2682 764 2708 unum
787 2667 938 2710 cadum
962 2668 1079 2719 Chii,
1110 2668 1281 2709 Falerni
1311 2675 1447 2709 autem
1470 2666 1615 2723 plures
1646 2666 1776 2708 cados
1802 2665 2004 2721 proferri:
2036 2665 2119 2707 hoc
2146 2669 2291 2709 vinum

146 2743 209 2777 est
240 2734 410 2791 quidem
440 2736 741 2790 praestantius,
772 2735 848 2777 sed
880 2734 1071 2777 Italicum
1101 2742 1261 2782 tamem
1292 2734 1399 2776 illud
1423 2733 1635 2775 Graecum
1666 2732 1796 2788 idque
1824 2733 2062 2787 pretiosius.
2093 2747 2290 2790 unusque

147 2805 236 2844 eius
267 2801 396 2844 cadus
426 2800 621 2856 pluribus
650 2801 821 2844 Falerni
852 2802 1057 2844 admixtus
1085 2802 1199 2844 haud
1230 2800 1360 2844 dubie
1391 2800 1445 2842 ad
1476 2799 1773 2856 depellendam
1802 2799 1977 2841 Falerni
2006 2803 2290 2844 austeritatem

146 2868 386 2911 sufficiebat
415 2869 589 2921 (Horat.
620 2869 751 2910 Serm.
784 2870 813 2910 1.
845 2869 919 2921 10,
950 2870 1051 2921 24).
1083 2895 1135 2903 —
1163 2884 1203 2911 v.
1231 2869 1298 2910 31.
1357 2867 1491 2923 Quod
1522 2867 1707 2923 Scaliger
1742 2865 1882 2909 »bene
1912 2866 2169 2909 Messalae«
2207 2868 2290 2924 legi

146 2936 257 2987 vult,
287 2936 331 2977 id
361 2950 449 2978 non
478 2938 759 2978 necessarium
790 2943 863 2978 est.
924 2936 1050 2980 Cous.
1083 2938 1226 2992 Heyn.
1255 2943 1296 2978 et
1316 2936 1487 2977 Dissen.
1519 2940 1721 2977 annotatt.
1743 2933 1797 2975 ad
1817 2934 1855 2975 h.
1877 2933 1902 2976 l.
1956 2934 2042 2975 Res
2071 2937 2287 2977 notissima
