2462 3112
1144 124 1145 127 =
1163 102 1346 140 XXXIV

174 218 294 260 velut
325 217 439 274 apud
470 218 695 259 Horatium
727 216 827 269 (111.
852 217 902 259 C.
922 217 970 267 2,
1002 218 1080 269 5.):
1109 219 1323 273 vitamque
1352 217 1434 259 sub
1465 217 1565 259 divo
1595 223 1637 259 et
1667 216 1845 273 trepidis
1876 225 1971 273 agat
2000 221 2044 260 in
2074 218 2221 261 rebus:
2251 219 2330 263 ubi

177 285 261 328 vid.
293 292 434 327 annot.
466 284 800 326 Mitscherlichii.
830 285 880 325 In
910 297 1039 326 versu
1068 285 1271 339 vigesimo
1302 291 1343 326 et
1374 283 1508 326 altero
1543 286 1753 340 scriptura
1781 286 1936 326 variat:
1968 287 2016 327 in
2044 286 2187 329 multis
2217 289 2330 331 enim

175 354 315 408 iisque
337 350 463 394 bonis
494 350 615 392 libris
645 351 799 407 legitur
827 366 877 401 a,
906 352 948 392 in
978 351 1069 392 aliis
1098 365 1186 393 non
1218 349 1508 393 deterioribus
1537 366 1580 394 e:
1610 351 1788 394 alterum
1817 358 1880 394 est
1900 367 1985 394 von
2010 352 2095 395 den
2117 353 2330 410 Tempeln

175 419 275 461 her:
307 418 485 461 alterum
506 433 581 460 aus
612 418 695 460 den
717 418 944 474 Tempeln:
978 425 1106 473 atque
1136 420 1181 459 in
1210 419 1366 460 intimis
1395 418 1502 460 locis
1524 432 1602 460 seu
1627 418 1916 474 penetralibus
1941 434 2144 475 responsa
2167 420 2329 463 daban-

176 494 266 534 tur;
294 486 396 528 inde
426 493 622 542 apparet,
652 493 794 527 utrum
818 488 961 541 potius
991 488 1045 527 sit
1075 485 1217 538 (conf.
1241 485 1431 527 Huschk.
1458 485 1511 527 ad
1537 485 1575 527 h.
1599 484 1657 536 L).
1698 485 1845 528 Duces·
1871 494 1969 528 sunt
1992 489 2224 544 principes,
2254 491 2331 545 qui

178 555 360 609 antiquis
398 552 660 609 temporibus
701 553 875 594 oracula
904 553 1106 595 adibant:
1147 552 1278 595 turba
1309 555 1484 595 comites
1515 552 1646 595 officii
1676 567 1824 595 caussa
1851 556 1901 595 iis
1931 554 2077 598 additi.
2126 556 2327 613 Sophocl.

178 619 291 662 Oed.
315 620 418 676 Tyr.
440 635 478 661 V.
504 608 626 661 7514.
657 618 832 673 πότερον
860 619 1007 674 ἐχώρει
1035 619 1156 675 βαιὸς
1184 620 1217 674 ἦ
1241 618 1435 668 πολλούς
1455 620 1569 671 ἔχων
1591 620 1750 673 ota-‹spag-
1774 619 1952 672 λοχίτας
1973 611 2030 663 οἷ’
2056 621 2168 677 ἀνὴρ
2191 623 2326 678 ἄρχη-

176 684 301 740 γέτης
332 687 423 728 Liv.
455 687 529 737 42,
561 688 626 729 15.
657 687 731 729 ubi
762 687 816 729 de
845 689 1039 730 Eumene
1068 688 1289 730 oraculum
1319 688 1571 730 consulente
1602 694 1763 737 narrat,
1800 690 1936 743 primo
1965 704 1988 730 a
2015 691 2141 741 mari,
2170 693 2328 747 inquit,

176 753 429 795 circumfusa
470 753 595 795 turba
626 756 855 796 amicorum
887 769 935 795 ac
966 754 1191 797 satellitum
1221 754 1484 810 procedebat
1514 762 1592 797 cet.
1617 778 1667 784 -
1699 770 1737 796 ν.
1770 755 1838 797 25.
1886 756 2123 813 Crinesque
2150 757 2329 802 solutos·

175 820 288 862 conf.
314 821 420 863 Hor.
445 821 516 862 ΙΙΙ.
536 821 586 864 C.
610 822 656 871 4,
689 822 753 862 12.
809 823 944 864 Coma
963 854 976 872 ,
1013 837 1123 878 quae
1158 829 1221 864 est
1250 822 1374 864 huius
1408 824 1526 864 vocis
1554 821 1829 877 significatio,
1871 830 1968 878 apte
1998 826 2233 880 opponitur
2261 840 2329 868 ca-

173 888 251 942 piti
279 889 477 929 inornato
503 887 739 944 solutisque
763 887 964 931 crinibus.
988 912 1043 918 —
1068 904 1105 929 v,
1125 888 1193 929 30.
1224 888 1340 930 Alibi
1362 888 1553 930 militant
1571 890 1729 930 Veneri
1756 889 1865 940 (vid.
1883 890 1987 932 Hor.
2016 891 2085 932 tlt.
2116 891 2166 934 C.
2183 891 2258 942 26,
2286 892 2328 935 2.

175 954 304 997 ovid.
323 956 468 997 Amor.
489 954 520 996 I.
540 956 586 1005 9,
622 957 699 1006 1.),
728 957 848 996 cuius
879 958 1052 1012 imperia
1084 957 1273 1011 quamvis
1300 955 1552 1012 plerumque
1581 956 1724 997 mollia
1756 958 1867 1007 sint,
1904 971 2034 1012 saepe
2069 965 2207 1001 tamen
2238 973 2329 1002 non

175 1023 327 1063 iniuria
359 1021 474 1064 <Iura
504 1022 573 1063 vel
603 1037 737 1064 saeva
770 1030 989 1064 vocantur.
1047 1024 1144 1066 Hoc
1174 1023 1300 1073 loco,
1339 1031 1386 1065 ut
1415 1031 1537 1065 acute
1568 1023 1672 1065 vidit
1707 1024 1958 1075 Dissenius,
1997 1033 2125 1080 poeta
2160 1029 2329 1069 servire

174 1091 363 1145 scripsit,
394 1092 492 1144 quia
524 1089 683 1145 Apollo
717 1097 803 1130 tum
835 1093 877 1131 in
908 1092 1107 1132 servitute
1139 1098 1239 1132 erat.
1272 1114 1323 1120 —-
1364 1106 1401 1132 v,
1421 1090 1488 1132 31.
1529 1091 1667 1132 Nemo
1699 1090 1853 1132 infitias
1885 1099 1969 1143 eat,
2003 1095 2231 1148 repetitum
2259 1100 2330 1136 est

174 1157 349 1197 insuave
382 1171 502 1207 esse,
542 1159 785 1212 praesertim
816 1172 909 1198 cum
941 1160 995 1199 ita
1027 1157 1285 1200 collocatum
1317 1160 1396 1208 sit,
1435 1166 1482 1200 ut
1515 1165 1556 1200 et
1584 1160 1694 1199 tertii
1725 1157 1845 1213 pedis
1877 1173 2091 1201 caesuram
2120 1167 2164 1202 et
2196 1160 2330 1203 ultimi

174 1223 295 1279 pedis
320 1223 457 1265 thesin
485 1232 626 1266 teneat
651 1224 778 1276 (vide
797 1224 962 1280 Grupp.
984 1225 1009 1267 l.
1030 1225 1056 1268 l.
1075 1241 1114 1281 p.
1138 1226 1245 1276 81.):
1277 1233 1404 1281 atque
1421 1240 1442 1266 a
1463 1227 1608 1282 paucis
1630 1224 1747 1266 libris
1767 1224 1895 1267 abest.
1934 1225 2328 1283 Obtemperandum

174 1298 313 1332 tamen
348 1305 442 1332 cum
474 1291 667 1332 codicum
702 1293 940 1333 auctoritati
971 1299 1057 1334 tum
1084 1292 1272 1334 Dissenii
1303 1300 1531 1348 praecepto
1563 1292 1676 1334 haud
1716 1295 1829 1334 inani
1862 1293 1986 1344 (vide
2020 1296 2111 1336 eius
2141 1302 2327 1338 annotat.

177 1357 229 1398 ad
250 1358 282 1399 Ι.
307 1359 349 1408 1,
381 1358 480 1410 34.).
498 1381 550 1390 --
575 1374 612 1399 v.
630 1359 696 1401 33.
727 1361 796 1401 At
820 1366 867 1401 iu
892 1362 1087 1416 quisquis
1110 1362 1147 1401 is
1177 1375 1244 1410 es,
1274 1362 1344 1401 cui
1375 1361 1491 1402 tristi
1509 1359 1677 1412 fronte
1696 1358 1864 1414 Cupido
1886 1359 2140 1416 Imperitat,
2168 1367 2327 1403 nostra

173 1427 263 1466 sint
294 1432 370 1466 tua
402 1431 551 1467 castra
583 1424 729 1467 domo.
774 1425 921 1467 Verba
954 1429 1070 1468 tristi
1091 1426 1259 1479 fronte
1293 1425 1460 1482 Cupido
1494 1428 1718 1484 imperitat
1748 1428 1945 1481 opposita
1976 1435 2075 1469 sunt
2103 1429 2179 1480 iis,
2218 1442 2329 1484 quae

173 1491 321 1547 paullo
352 1507 481 1548 supra
511 1492 732 1547 leguntur:
771 1492 853 1534 sed
881 1495 951 1535 cui
979 1508 1062 1534 sua
1104 1507 1211 1533 cura
1239 1491 1390 1549 puella
1420 1498 1513 1534 est:
1554 1491 1621 1532 hic
1660 1494 1770 1532 enim
1801 1499 1910 1533 amat
1946 1499 1987 1534 et
2026 1500 2218 1535 amatur:
2256 1493 2329 1536 ille

174 1566 323 1601 mutuo
354 1573 498 1600 amore
529 1567 654 1601 caret.
710 1560 913 1601 Numeris
943 1574 1091 1601 versus
1121 1559 1347 1600 hexametri
1377 1573 1500 1600 aures
1540 1558 1846 1600 fastidiosiores
1876 1573 1965 1600 non
1995 1560 2222 1603 admodum
2253 1561 2329 1604 de-

175 1625 406 1668 lectentur:
438 1635 640 1681 respuant
669 1628 792 1668 etiam
822 1630 899 1668 ista
931 1629 1126 1684 quisquis
1154 1629 1191 1668 is·
1221 1641 1286 1667 es:
1315 1640 1364 1667 ac
1393 1625 1586 1681 profecto
1610 1639 1738 1666 nemo
1769 1625 1872 1666 haec
1896 1626 1994 1668 mihi
2023 1641 2102 1682 pro
2132 1629 2254 1669 tersis
2285 1634 2329 1670 et

176 1693 369 1748 expolitis
400 1692 609 1734 venditet:
642 1700 682 1734 at
712 1708 791 1748 pro
823 1693 1057 1748 deploratis
1087 1707 1176 1734 non
1204 1692 1354 1734 habeo.
1403 1693 1534 1733 Varia
1562 1694 1771 1746 scriptura
1804 1699 1866 1734 est
1894 1692 2058 1735 haecce.
2103 1694 2151 1735 In
2182 1697 2328 1749 paucis

173 1760 293 1802 libris
321 1767 382 1802 est
404 1763 519 1802 tristi
543 1763 630 1802 cui:
662 1775 770 1815 quae
794 1764 1001 1816 scriptura
1026 1762 1210 1802 numeris
1235 1760 1406 1816 quidem
1434 1759 1538 1802 nihil
1565 1759 1739 1814 prodest
1765 1760 1902 1811 (conf.
1923 1760 2113 1802 Huschk.
2134 1761 2188 1802 ad
2205 1762 2243 1803 h.
2262 1762 2329 1814 1.),

176 1819 253 1869 sed
283 1842 377 1868 cum
415 1829 459 1868 in
494 1826 708 1868 adiectivo
749 1829 865 1869 tristi
896 1834 1022 1882 caput
1052 1829 1105 1868 sit
1134 1841 1274 1868 rerum
1304 1828 1414 1867 inter
1443 1841 1488 1868 se
1523 1828 1835 1882 oppositarum,
1874 1827 1998 1869 facile
2026 1827 2101 1869 illa
2130 1828 2329 1872 videatur

175 1897 321 1951 potior
349 1909 453 1936 esse.
494 1896 657 1935 Verum
686 1908 768 1935 vox
799 1897 916 1936 tristi
945 1895 1087 1936 sedem
1118 1909 1233 1936 suam
1265 1893 1475 1943 obtineat,
1503 1908 1678 1935 necesse
1707 1902 1778 1936 est.
1816 1893 1964 1936 Verba
1996 1898 2105 1937 enim
2134 1899 2330 1954 quisquis

174 1965 212 2004 is
234 1976 281 2003 es
307 1961 502 2003 adiuncta
528 1968 568 2002 et
593 1963 712 2016 quasi
738 1975 817 2016 per
838 1961 1106 2017 parenthesin
1126 1963 1264 2016 posita
1289 1968 1398 2002 sunt.
1429 1960 1599 2003 Deinde
1621 1963 1843 2018 imperitat
1868 1970 1928 2004 est
1950 1965 2100 2006 incerti
2122 1966 2328 2007 auctoris:

174 2031 220 2071 in
249 2028 368 2070 libris
402 2028 617 2084 plerisque
650 2031 864 2083 reperitur
891 2031 1079 2084 imperat
1109 2035 1179 2070 ut:
1209 2031 1252 2071 in
1284 2030 1428 2084 paucis
1456 2031 1644 2085 imperat
1672 2031 1729 2070 in.
1761 2028 1909 2071 Verba
1940 2031 2009 2071 At
2038 2036 2106 2081 tu,
2135 2033 2330 2088 quisquis

177 2110 224 2137 es
257 2095 350 2136 aliis
379 2109 552 2151 quoque
583 2097 722 2150 poetis
754 2102 956 2150 usurpata
987 2095 1126 2147 (conf.
1153 2096 1382 2137 Burmann.
1412 2095 1477 2137 ad.
1497 2095 1627 2137 Ovid.
1647 2096 1818 2138 Metam.
1844 2096 1875 2137 1.
1891 2098 2007 2147 679.)
2036 2097 2139 2139 nihil
2169 2098 2330 2141 habent

177 2162 448 2204 offensionis:
482 2164 713 2217 requiritur
738 2169 896 2213 tamen,
929 2163 1047 2217 quod
1077 2177 1127 2204 ex
1150 2166 1402 2218 pronomine
1427 2169 1475 2204 tu
1498 2170 1638 2218 aptum
1669 2165 1734 2204 sit.
1786 2163 1830 2204 Si
1860 2163 2014 2219 legitur
2040 2166 2228 2219 imperat
2258 2172 2329 2217 uj,

176 2229 438 2271 manifestum
471 2236 559 2277 est,
599 2228 807 2270 nonnulla
838 2229 1069 2280 excidisse,
1106 2232 1150 2271 in
1181 2229 1339 2286 quibus
1368 2228 1543 2271 verbum
1563 2263 1573 2280 ‚
1613 2230 1729 2285 quod
1770 2231 2017 2286 iungeretur
2046 2246 2139 2272 cum
2170 2247 2329 2288 prono-

176 2298 291 2338 mine
323 2303 383 2338 tu.
442 2297 497 2337 At
529 2296 630 2337 haec
661 2299 748 2351 ipsa
781 2298 1028 2338 coniunctio
1060 2304 1110 2339 ut
1140 2297 1362 2339 commode
1401 2296 1589 2352 expediri
1623 2299 1770 2352 nequit
1801 2297 1912 2349 (vid.
1930 2298 2097 2339 Dissen.
2124 2299 2176 2340 ad
2204 2299 2243 2340 h.
2265 2300 2326 2352 l.).

178 2363 255 2405 Sin
281 2365 503 2420 imperitat
533 2362 704 2417 legitur,
733 2365 941 2404 sententia
970 2366 1135 2419 integra
1166 2372 1246 2414 est,
1277 2371 1573 2420 praeterquam
1598 2364 1715 2420 quod
1738 2378 1867 2405 voees
1892 2371 1940 2406 at
1963 2371 2012 2406 tu
2036 2379 2124 2406 non
2148 2365 2328 2416 habent,

179 2444 267 2486 quo
301 2430 551 2472 referantur.
602 2431 748 2485 ltaque
777 2431 999 2472 Dissenius
1031 2439 1070 2473 et
1099 2432 1178 2473 hac
1208 2432 1399 2474 offensus
1430 2433 1746 2473 constructione
1767 2464 1776 2481 ,
1811 2431 1946 2487 qualis
1976 2446 2182 2487 nusquam
2212 2433 2326 2488 apud

178 2497 396 2540 Tibullum
437 2500 727 2554 reperiretur,
766 2505 807 2539 et
837 2500 1038 2550 miratus,
1078 2499 1195 2554 quod
1227 2501 1372 2540 castris
1406 2499 1515 2549 illis,
1554 2501 1597 2540 in
1637 2498 1792 2553 quibus
1829 2505 1938 2540 esset
1969 2500 2152 2540 Veneris
2182 2500 2328 2542 militia

178 2565 398 2617 discenda,
428 2565 531 2607 nihil
558 2565 694 2606 laudis
716 2572 827 2606 esset
849 2565 1057 2616 additum,
1085 2566 1277 2607 lacunam
1294 2580 1384 2607 esse
1403 2566 1546 2606 statuit
1562 2573 1781 2620 totumque
1802 2564 1940 2606 locum
1962 2564 2086 2605 talem
2107 2565 2327 2617 iudicavit,

179 2647 228 2674 ex
258 2647 346 2688 quo
371 2632 696 2688 intelligeretur,
726 2646 894 2673 manum
926 2639 1149 2674 extremam
1176 2633 1272 2674 huic
1295 2634 1468 2674 carmini
1483 2646 1572 2674 non
1595 2634 1831 2674 accessisse.
1883 2631 1951 2672 De
1978 2646 2060 2686 qua
2084 2645 2131 2673 re
2160 2635 2327 2683 eicon-

177 2702 305 2741 sentit
326 2699 546 2755 Gruppius
566 2699 590 2741 l.
608 2699 632 2743 l.
652 2714 690 2754 p.
708 2699 765 2739 95
781 2714 872 2755 sqq.
911 2700 1214 2754 Disputaturus
1245 2698 1299 2740 de
1327 2705 1420 2740 toto
1445 2698 1527 2740 hoc
1557 2712 1712 2753 genere
1738 2699 1781 2738 in
1810 2697 1954 2738 ultima
1980 2697 2125 2739 harum
2153 2707 2329 2742 annota-

177 2767 340 2808 tionum
370 2766 577 2822 particula
607 2767 674 2807 hic
706 2765 913 2817 breviter,
945 2766 1048 2822 quid
1078 2780 1158 2821 ego
1189 2768 1384 2816 sentiam,
1417 2765 1563 2806 dicam.
1613 2765 1717 2806 Non
1747 2764 1930 2805 limatum
1959 2765 2041 2806 hoc
2071 2779 2235 2807 carmen
2266 2774 2329 2809 at·

179 2847 262 2888 que
294 2833 524 2888 expolitum
556 2847 665 2882 esse,
695 2835 875 2888 quisque
906 2833 1030 2875 facile
1054 2833 1279 2875 concedat:
1310 2832 1386 2874 sed
1408 2839 1639 2874 castrorum
1663 2831 1833 2873 illorum
1858 2831 2185 2887 descriptionem
2209 2835 2328 2888 equi-

180 2900 276 2942 dem
296 2914 386 2944 non
409 2899 637 2943 admodum
662 2900 874 2942 desidero.
918 2900 1051 2956 Quod
1074 2902 1301 2942 interiecto
1328 2900 1410 2941 hoc
1433 2899 1613 2942 disticho
1637 2905 1762 2954 poeta
1787 2913 1810 2939 a
1839 2898 2154 2954 praedicatione
2178 2913 2326 2942 eorum
