2462 3112
1141 84 1292 135 XXIX

183 154 203 169 l

119 215 427 278 opportunitas
456 215 611 259 manus
641 215 813 270 saepius
839 212 1091 271 tangendae.
1143 213 1194 257 ἓν
1229 211 1301 257 διὰ
1330 217 1461 256 δυοῖν
1496 210 1582 254 hoc
1609 210 1712 256 loco
1742 226 1857 264 esse,
1893 225 2024 257 nemo
2061 209 2188 254 facile
2215 216 2299 254 sta-

118 286 257 338 ηιμ
252 285 359 342 qui
370 281 604 339 intelligat,
634 289 846 340 quantum
875 284 1077 326 tenuitas
1087 295 1245 339 prosae
1274 281 1483 326 orationis
1512 279 1569 323 ab
1597 279 1845 324 incredibili
1872 280 2000 323 huius
2027 295 2171 337 poesns
2201 281 2298 323 sim-

121 351 316 411 plicitum
334 365 394 395 ac
420 350 574 409 lepore
601 350 784 394 differat.
842 350 944 395 Nec
980 358 1125 394 tamen
1154 352 1191 393 si
1219 350 1337 410 apud
1366 347 1601 392 Tibullum
1626 363 1838 408 gemmas¹
1865 351 2132 408 signumque
2167 345 2298 390 scribi

119 420 354 480 mlh,
390 426 622 477 propterea
657 421 866 463 continuo
903 419 1021 477 apud
1054 419 1263 463 Ovidium
1291 421 1527 478 signumve
1554 418 1600 460 in
1627 419 1894 476 signumque
1923 416 2174 473 mutandum
2203 417 2296 459 erit.

118 487 247 535 Man
267 501 511 548 gemmam,
540 501 632 531 non
660 501 863 546 gemmas
891 489 1079 545 scripsit:
1109 490 1206 546 quis
1232 487 1389 531 audeat
1413 487 1646 542 scriptores
1673 486 1755 529 hac
1781 485 1978 529 libertate
2005 469 2218 542 spoliare?
2241 506 2296 518 -

114 555 260 602 vsu:
310 553 528 608 Servare,
565 554 630 600 ah·
644 555 856 610 frustra:
893 558 954 599 ita
981 557 1027 598 in
1055 555 1280 599 nonnullis
1308 555 1431 598 libris
1469 553 1648 610 legitur:
1690 554 1767 597 sed
1798 556 1894 597 iure
1924 553 2222 596 Lachmannus
2254 556 2298 594 et

104 624 349 669 Nissenius
382 625 726 675 interiectionem
763 622 824 668 ah
860 625 1128 682 iniquissimo
1164 624 1265 668 loco
1304 623 1559 667 inculcatam
1597 627 1829 668 eiecerunt.
1869 648 1922 658 —
1979 639 2021 666 v.
2046 624 2116 666 39.
2177 621 2297 666 Con—

113 695 287 738 iectura
317 692 626 751 Guyeti-colis
654 707 747 737 non
774 707 886 750 opus
915 707 1030 746 esse,
1062 693 1191 737 docte
1222 693 1528 736 demonstravit
1556 693 1818 737 Huschkius.
1859 694 1910 736 In
1938 695 2070 736 versu
2099 692 2296 747 sequenti

115 774 192 806 m
227 761 345 805 levis
371 760 564 818 magnam
601 764 794 804 virorum
826 761 1053 805 doctorum
1086 761 1397 805 dissensionem
1430 763 1574 805 movit.
1634 762 1890 806 Cum-enim
1920 761 2054 804 altera
2083 761 2295 815 scriptura

114 832 174 875 cit
197 829 379 886 effluit,
409 830 546 873 altera
573 837 620 873 et
637 831 752 883 fluit
771 830 1119 882 Brouckhusius‚
1152 829 1428 883 Gronovius,
1454 829 1722 881 Huschkius‚
1757 829 2033 886 Golberyus,
2061 828 2297 870 Lachman-

114 901 202 944 n'us
219 899 394 944 alteram
413 899 639 956 amplexati
659 898 809 957 legunt
830 898 1009 953 effluit3
1039 899 1239 956 Heynius
1264 906 1434 951 contra,
1455 899 1662 950 Vossius,
1682 898 2067 950 Wunderlichius,
2090 896 2297 947 Bachius,

116 967 347 1011 Dissenius
374 966 437 1013 Et
453 967 579 1019 fluit.
633 967 781 1023 Atque
809 966 1057 1011 Huschkius
1086 970 1208 1010 suavi
1239 983 1367 1024 quem
1396 968 1500 1011 dicit
1529 967 1795 1024 syllabarum
1824 967 2050 1010 initialium
2081 969 2295 1008 concentu

114 1042 269 1093 ceptus
297 1037 534 1092 scripturae
561 1034 725 1090 effluit
757 1041 985 1092 tantopere
1009 1037 1333 1093 patrocinatur,
1371 1043 1420 1079 ut
1447 1044 1593 1094 neget,
1623 1039 1668 1079 in
1697 1037 1772 1080 tali
1802 1039 2040 1079 sententiae
2069 1036 2295 1078 continua.-

116 1106 239 1148 tione
264 1105 511 1162 pronomini
539 1106 612 1147 eui
638 1102 766 1146 adiici
795 1103 1006 1160 copulam.
1063 1103 1144 1147 Ille
1175 1110 1412 1147 concentus
1442 1111 1491 1147 ut
1526 1103 1741 1147 interdum
1776 1118 1868 1147 non
1904 1104 2031 1147 flocci
2066 1100 2294 1145 habendus

118 1178 204 1225 est,
237 1173 298 1216 ita
324 1185 416 1216 non
447 1172 556 1214 tanti
590 1178 656 1214 est
687 1171 1007 1224 existimandus,
1044 1175 1193 1228 quanti
1221 1171 1471 1215 Huschkius
1506 1172 1636 1216 duxit.
1697 1174 1746 1216 In
1777 1173 1842 1216 his
1872 1172 2003 1215 rebus
2035 1173 2220 1229 quisque
2252 1174 2296 1212 et

116 1251 242 1283 aures
277 1252 378 1282 snas
414 1238 602 1283 consulit
642 1246 685 1283 et
721 1254 802 1283 suo
840 1254 973 1284 sensu
1009 1255 1059 1283 ac
1094 1239 1256 1284 iudicio
1294 1240 1478 1289 ducitur,
1535 1242 1723 1284 Alteram
1761 1249 1904 1284 autem
1941 1242 2172 1291 rationem,
2209 1251 2295 1294 qua

114 1305 364 1359 Huschkius
393 1306 448 1350 ad
478 1307 762 1352 damnandam
789 1310 1041 1366 scripturam
1069 1316 1116 1352 et
1136 1310 1250 1362 fluit
1279 1312 1432 1361 utitur,
1461 1312 1632 1366 penitus
1662 1309 1876 1352 subvertit
1895 1310 2135 1352 Dissenius.
2183 1304 2294 1349 Nol,-

112 1375 200 1420 iem
236 1383 378 1420 tamen
412 1374 552 1419 virum
591 1377 767 1421 doctum
806 1377 982 1431 dixisse,
1020 1378 1226 1432 effluere
1254 1393 1343 1421 uno
1376 1377 1609 1422 Claudiani
1640 1378 1743 1421 loco
1778 1377 1966 1421 defendi.
2022 1377 2295 1419 Defensione

113 1444 216 1488 huic
242 1447 342 1489 voci
371 1458 462 1488 non
493 1458 604 1502 opus
635 1452 720 1488 est:
754 1451 798 1488 et
829 1448 922 1502 ipsa
951 1461 1034 1503 per
1063 1461 1110 1489 se
1141 1445 1282 1503 proba
1313 1453 1379 1489 est
1409 1459 1619 1490 necfcum
1647 1461 1696 1490 re
1727 1460 1819 1490 non
1849 1448 2057 1503 congruit.
2114 1445 2226 1487 Nam
2255 1444 2293 1486 si

113 1515 233 1558 sinus
257 1520 330 1556 ⁴est
357 1513 539 1566 effusus,
569 1519 670 1571 toga
699 1513 791 1556 laxa
812 1514 966 1571 quidni
988 1513 1074 1556 dici
1091 1516 1228 1571 possit
1249 1513 1454 1557 effluere?
1483 1515 1549 1557 Sit
1567 1515 1724 1567 fluere
1753 1521 1828 1558 aut
1845 1515 2042 1567 fluitare
2070 1512 2290 1555 usitatius:

113 1576 159 1631 “at
182 1583 233 1624 in
251 1580 396 1624 'verbo
426 1578 632 1636 eff-luere
659 1582 769 1625 nihil>
796 1589 876 1634 est,
915 1582 1035 1639 quod
1065 1583 1160 1625 iure
1197 1581 1502 1638 reprehendas.
1561 1581 1649 1625 Sed
1678 1589 1821 1625 tamen
1849 1584 1887 1638 sil
1916 1581 2090 1639 quando
2119 1582 2166 1623 in
2196 1593 2293 1623 sen-

109 1650 273 1698 tentiis
291 1663 343 1692 ex
370 1651 629 1707 pronomine
656 1649 839 1694 relativo
871 1654 980 1707 aptis
1009 1662 1248 1707 pronomen
1271 1650 1425 1692 denuo
1462 1652 1659 1706 ponitur,
1698 1639 1915 1706 particula·
1936 1656 2081 1691 autem
2111 1647 2290 1705 copula-

109 1718 198 1763 tiva
218 1717 436 1760 adiicitur:
462 1716 542 1760 ant
569 1732 655 1775 que
683 1718 758 1761 aut
786 1725 832 1761 et
860 1721 1114 1774 requiritur,
1146 1725 1187 1760 et
1217 1733 1303 1776 que
1332 1717 1524 1774 quidem,
1555 1719 1592 1759 si
1621 1731 1691 1759 res
1721 1718 1785 1759 his
1815 1719 2040 1759 sententiis
2069 1717 2286 1773 expositae

111 1785 257 1843 aliqua
283 1787 552 1829 necessitatis
578 1785 675 1842 lege
705 1787 927 1830 devinctae
954 1793 1174 1847 tenentur,
1204 1793 1250 1829 et
1278 1800 1404 1838 vero,
1435 1788 1470 1828 si
1489 1785 1663 1828 vinculo
1685 1785 1784 1828 illae
1804 1800 1894 1829 non
1914 1788 2161 1829 necessario
2187 1798 2289 1827 con-

110 1857 360 1911 iunguntur.
417 1855 570 1912 Itaque
593 1855 685 1898 hoc
713 1854 814 1898 loco
844 1857 879 1898 si
908 1868 999 1899 non
1028 1862 1112 1897 tam
1141 1868 1306 1906 rerum,
1344 1853 1504 1911 quihus
1533 1856 1612 1897 iste
1641 1868 1742 1911 grex
1769 1862 1964 1906 notatur,
1995 1868 2123 1911 quam
2152 1853 2288 1896 homi-

112 1918 217 1968 lium
242 1924 361 1966 ratio
383 1922 634 1976 haberetur,
672 1925 764 1972 sine
793 1923 930 1967 dubio
959 1925 1164 1980 scriptum
1196 1928 1329 1973 esset,
1360 1920 1618 1979 veffusoque
1636 1922 1751 1974 fluit
1780 1924 1851 1965 cui
1880 1929 1995 1981 toga
2025 1921 2135 1964 laxa
2165 1922 2289 1963 sinu.-

111 2000 265 2035 vemm
293 1992 509 2048 ¹quoniam
546 1991 714 2033 delicati
751 1993 822 2033 isti
849 1991 1169 2047 adolescentuli
1204 1990 1269 2032 his
1309 1989 1484 2032 duobus
1524 1989 1824 2046 designantur,
1864 1990 1996 2034 cultis
2032 1989 2205 2047 capillis
2241 1993 2287 2030 et

111 2065 228 2119 tog'a
246 2059 484 2112 fluitante,
512 2058 617 2100 nihil
644 2056 888 2115 impedivit,
914 2061 1144 2115 quominus
1174 2058 1437 2101 scriberetur
1462 2057 1524 2100 Et
1540 2059 1665 2110 fluit.
1710 2059 1846 2115 Finge
1879 2058 2060 2101 dictum:
2092 2058 2286 2114 quisquis

110 2127 253 2171 cultos
290 2126 468 2183 capillos
498 2133 540 2170 et
567 2133 710 2183 togam
746 2127 952 2170 fluentem·
982 2125 1128 2170 habet:
1166 2135 1295 2183 atque
1323 2141 1396 2169 ⁴res
1425 2126 1647 2169 manifesta
1679 2128 1769 2177 erit.
1830 2126 1966 2183 Quod
1998 2141 2094 2169 cum
2123 2127 2182 2168 ita
2210 2126 2285 2176 sit,

110 2196 214 2240 mihi
241 2194 417 2252 quidem
446 2194 580 2238 altera
610 2197 821 2252 scriptura
849 2195 910 2239 Et
931 2196 1046 2248 fluit
1073 2195 1232 2250 effuso
1263 2194 1411 2251 magis,
1442 2209 1570 2252 quam
1603 2195 1757 2247 altera,
1788 2195 2011 2251 probatur.
2042 2218 2097 2226 —
2148 2209 2188 2236 v,
2215 2193 2283 2235 41.

108 2263 332 2321 Quisquis
353 2269 395 2306 et
421 2269 637 2315 occurret,
669 2277 725 2306 ne
752 2265 889 2319 possit
919 2265 1077 2306 crimen
1108 2262 1280 2307 habere.
1330 2263 1558 2306 Dissenius
1585 2263 1718 2307 verba
1745 2265 1890 2322 possit
1919 2266 2086 2307 crimen
2113 2261 2280 2305 habere

109 2330 166 2375 ad
194 2329 366 2374 Deliam
393 2331 538 2375 refert.
595 2332 654 2374 At
685 2331 1039 2375 antecedentibus
1075 2331 1220 2375 verbis
1260 2333 1457 2389 quisquis
1494 2339 1540 2375 et
1576 2339 1788 2375 occurret
1825 2339 1867 2375 et
1901 2333 2163 2388 interpositis
2199 2329 2283 2372 illis

108 2405 206 2443 tum
229 2398 392 2458 procul
417 2398 570 2442 absitis
596 2402 715 2452 sinu,
743 2401 1022 2444 vehementer
1049 2399 1223 2452 dubito,
1252 2414 1354 2442 num
1382 2401 1518 2443 omitti
1541 2403 1738 2457 potuerit
1762 2413 2003 2458 pronomen
2030 2399 2122 2443 illa.
2157 2399 2285 2441 Non-

107 2479 169 2511 ne
197 2480 305 2510 vero
343 2469 512 2511 crimen
547 2466 713 2511 habere
749 2467 910 2512 dictum
949 2477 1030 2522 est,
1068 2472 1193 2512 sicuti
1231 2467 1441 2513 iudicium
1472 2467 1637 2512 habere
1666 2476 1738 2512 aut
1766 2471 2063 2526 suspicionem
2091 2466 2284 2510 habere?

108 2535 323 2593 Equidem
351 2543 458 2592 puto
489 2535 593 2578 haec
621 2537 838 2593 iungenda
869 2550 964 2580 cum
994 2540 1192 2596 quisquis
1222 2544 1471 2581 ουσιαι-ετ»
1470 2537 1624 2580 ›damit
1653 2552 1701 2580 er
1727 2538 1844 2579 nieht
1871 2536 2143 2591 beschuldigt
2170 2548 2280 2578 wer·

106 2602 192 2648 tlon
223 2603 404 2647 kenne«
440 2606 610 2648 crimen·
636 2608 746 2648 enim
782 2613 844 2649 est
872 2606 956 2649 hoc
987 2606 1088 2649 loco
1123 2609 1332 2663 suspicio,
1366 2606 1552 2662 aliquem
1584 2614 1783 2649 conatum
1818 2620 1937 2658 esse,
1971 2603 2152 2647 occultis
2185 2616 2278 2646 ser-

106 2671 308 2714 monibus
339 2680 413 2716 aut
447 2667 611 2716 artibus
643 2664 983 2717 novos‘amores
1018 2690 1164 2718 serere
1201 2683 1242 2718 et
1275 2677 1455 2718 castitati
1488 2673 1645 2717 Deliae
1680 2675 1884 2717 insidiari.
1914 2698 1967 2707 —
2012 2688 2052 2715 V.
2079 2672 2150 2714 42,
2188 2676 2279 2714 atet

104 2739 376 2796 proculwut
404 2741 495 2784 alia
520 2749 610 2785 stet
637 2743 803 2801 procul
830 2750 937 2786 ante
963 2746 1048 2786 via.
1096 2744 1216 2786 Haec
1245 2743 1479 2800 depravata
1511 2757 1626 2794 esse,
1655 2745 1766 2786 inter
1796 2757 1944 2785 omnes
1973 2744 2090 2784 viros
2121 2739 2276 2782 doctos

108 2811 289 2849 constat.
343 2807 503 2851 Statius
533 2812 735 2852 coniecit:
767 2818 851 2854 stet
877 2811 1032 2868 procul
1064 2819 1179 2863 ante,
1211 2811 1291 2854 alia
1322 2818 1403 2854 stet
1432 2812 1586 2869 procul
1617 2819 1715 2854 ante
1742 2815 1822 2855 via.
1876 2813 1998 2853 Haec
2027 2811 2277 2853 coniectura

106 2871 222 2916 haud
250 2875 340 2916 scio
370 2888 423 2916 an
451 2879 611 2919 nemini
641 2877 865 2934 probetur.
923 2880 1147 2923 Dissenius
1180 2879 1418 2937 prudenter
1456 2883 1571 2923 omni
1605 2883 1853 2923 coniectura
1890 2879 2106 2922 abstinuit.
2165 2879 2275 2928 Sen-

103 2943 235 2985 tentia
265 2949 327 2986 est
353 2942 481 3000 plana
513 2951 557 2987 et
585 2952 743 3001 aperta.
801 2946 936 2989 Poeta
975 2950 1089 2990 enim
1126 2948 1318 2992 custodis
1349 2963 1579 3005 personam
1610 2940 1841 3001 sustinens,
1880 2963 1936 2991 ne
1965 2947 2120 2990 Deliae
2149 2953 2273 3004 pote·
