2462 3112
1189 131 1241 170 -x

137 245 300 288 iubent.
331 246 527 302 Utraque
551 247 761 303 scriptura
793 262 843 289 ex
870 246 991 290 libris
1022 246 1234 304 divulgata
1259 255 1334 291 est.
1364 248 1512 292 Minus
1532 248 1652 292 fiune
1680 249 1837 293 dictum
1866 259 1930 294 est
1952 250 2114 294 modis:
2146 253 2300 296 etenim

136 315 172 356 is
202 327 406 369 quoque,
436 314 510 369 qui
535 312 627 355 aliis
655 315 766 356 curis
782 314 851 356 vel
879 316 1001 357 etiam
1018 314 1238 371 voluptate
1256 322 1514 359 nocturnum
1541 323 1706 373 tempus
1733 320 1962 370 consumit,
1992 319 2141 362 multis
2157 318 2302 363 modis

136 387 280 438 potest
320 387 497 424 noctem
533 380 758 438 evigilare.
817 381 1063 423 Huschkius
1099 382 1347 425 adversatus
1377 385 1612 439 scripturae
1642 383 1770 426 malis
1800 383 2030 427 arbitratur
2059 387 2301 429 necessario

138 445 412 490 scribendum
441 447 571 489 fuisse
600 462 698 490 cum
715 447 864 493 multis
886 448 1033 491 malis:
1063 451 1106 490 in
1138 463 1225 506 quo
1258 449 1437 492 fallitur:
1466 450 1616 506 quidni
1648 449 1778 494 latine
1804 451 1968 494 dicatur
1995 453 2144 496 multis
2171 453 2301 496 malis

137 514 211 558 hei
231 517 321 557 sive
344 522 472 557 unter
491 514 638 556 vielen
662 515 846 570 Qualen.
880 515 1082 559 Ceterum
1106 516 1218 559 conf.
1242 517 1371 560 ovid.
1390 518 1421 560 I.
1444 518 1536 559 Am.
1557 517 1604 568 6,
1630 517 1695 559 70.
1727 519 1797 560 Tu
1818 518 1985 561 domina
2003 544 2056 552 —
2074 521 2300 577 Temporis

137 581 319 624 absumti
365 589 450 624 tam
487 582 597 624 male
632 585 753 624 testis
801 584 898 625 eris.
956 582 1140 639 Egregie
1179 591 1318 626 autem
1347 585 1573 626 Dissenius
1611 599 1719 627 vers.
1749 585 1816 628 66.
1855 588 2104 643 scripturam
2141 586 2300 645 pedem

137 656 284 692 contra
308 648 496 702 alteram,
527 651 597 692 cui
620 649 773 702 verba,
797 651 956 706 quael.
974 652 1020 703 6,
1050 652 1118 693 62.
1142 650 1363 708 leguntur,
1391 651 1607 708 praesidio
1627 651 1852 695 videantur
1873 667 1986 704 esse,
2014 656 2148 696 munit
2167 661 2298 711 atque

138 723 354 759 sustentat.
381 740 434 749 ·-
465 732 504 759 v,
536 717 601 759 72.
646 717 839 760 ultorem
867 724 973 775 post
1003 725 1138 775 caput
1171 733 1268 761 csse
1298 717 1449 761 deum:
1481 733 1594 761 nove
1623 719 1780 761 dietum
1812 727 1874 762 est
1899 727 2005 776 post
2035 728 2189 778 caput:
2220 721 2299 766 sed

138 786 238 840 quia
273 791 407 842 caput
435 799 563 842 saepe
600 799 679 841 pro
709 787 804 842 ipso
836 784 1012 828 homine
1037 788 1212 842 ponitur
1234 819 1244 835 ‚
1281 788 1324 828 in
1363 786 1562 828 omnibus
1593 793 1734 828 autem
1774 787 2150 843 imprecationibus
2180 787 2298 832 dirae

140 859 181 894 et
211 853 559 894 comminationes
587 855 633 894 in
663 859 799 909 caput
825 853 1013 896 alicuius
1047 855 1200 896 coniici
1232 853 1447 906 solebant,
1478 862 1606 910 poeta
1636 854 1691 896 ad
1721 853 2036 896 similitudinem
2066 854 2298 898 locutionis

134 926 239 976 post
261 925 439 977 tergum
469 919 632 962 effinxit
659 927 765 976 post
790 927 935 977 caput.
983 921 1114 976 Soph.
1137 920 1249 964 Oed.
1268 921 1320 962 R.
1340 921 1436 963 263.
1465 926 1560 964 νῦν
1585 920 1619 961 ‹5'
1647 919 1690 968 ἐς
1718 918 1767 961 τὸ
1794 918 1946 962 κείνου
1973 921 2091 975 κρᾶτ’
2118 919 2304 975 ἐνήλαθ’

135 986 165 1040 ἦ
191 986 321 1041 τύχη.
343 1012 392 1018 -
427 1003 466 1030 v,
490 989 555 1030 73.
586 986 727 1045 Saepe
753 990 886 1030 etiam
918 988 1113 1031 lacrimis
1133 988 1296 1042 fertur
1325 990 1485 1031 risisse.
1533 988 1731 1044 Heynius
1762 995 1802 1030 et
1818 988 2042 1030 Dissenius
2073 988 2172 1030 huic
2198 987 2298 1031 loco

138 1054 365 1098 conferunt
395 1055 545 1098 Horat.
579 1055 710 1097 Serm.
734 1056 784 1097 11.
811 1055 858 1106 3,
892 1056 976 1097 72.ε
1008 1057 1183 1098 frustra:
1214 1055 1274 1098 ibi
1306 1058 1415 1098 enim
1446 1062 1509 1098 est
1538 1060 1822 1109 γἰναβμοῖσιν
1851 1053 2116 1109 ἀλλοτρίοισι
2143 1054 2298 1098 ridere.

137 1121 236 1164 Nec
262 1135 440 1163 necesse
472 1129 554 1172 est,
585 1121 781 1164 lacrimis
810 1123 961 1164 mutari
991 1124 1034 1164 in
1067 1122 1287 1165 lacrimas.
1324 1122 1433 1164 Nam
1461 1121 1608 1165 ridere
1635 1121 1806 1179 aliquid
1835 1130 1898 1164 est
1931 1130 2064 1164 etwas
2091 1121 2298 1166 belachen

137 1191 226 1231 sive
247 1187 357 1231 iiber
376 1196 507 1231 etwas
528 1188 674 1231 lachen
688 1223 698 1241 ,
728 1197 799 1231 aut
821 1192 943 1231 etiam
963 1197 1146 1245 spotten.
1179 1188 1326 1232 ridere
1345 1196 1483 1231 autem
1501 1189 1651 1239 alicui,
1683 1188 1799 1230 velut
1817 1189 1930 1245 apud
1948 1188 2098 1244 virgil.
2116 1191 2221 1232 Aen.
2239 1190 2298 1232 V.

137 1255 255 1306 258„
286 1258 422 1298 einem
454 1256 682 1307 zulachen‚
713 1259 832 1298 seine
854 1256 1028 1298 Freude
1060 1255 1148 1298 und
1175 1258 1266 1298 sein
1289 1255 1488 1297 Gefallen
1512 1255 1652 1297 haben
1679 1269 1732 1297 an
1751 1256 1909 1297 Etwas.
1948 1255 2074 1299 Conf.
2095 1255 2296 1298 Hauthal.

139 1323 193 1367 ad
212 1324 327 1366 Pers.
350 1323 438 1366 Sat.
458 1323 530 1365 111.
552 1325 619 1367 86.
640 1340 679 1380 p.
697 1324 793 1365 220.
811 1339 872 1380 sq.
894 1350 946 1357 —
967 1339 1003 1366 v.
1026 1325 1091 1365 76.
1117 1325 1323 1382 opposita
1340 1329 1408 1366 est
1429 1325 1564 1366 ianua
1585 1322 1699 1365 dura
1717 1338 1832 1366 scra.
1863 1329 1954 1374 est,
1984 1331 2030 1365 ut
2050 1322 2296 1365 Huschkius

138 1390 313 1448 quidem
336 1399 533 1442 testatur,
564 1394 608 1434 in
635 1391 832 1434 omnibus
855 1392 975 1434 libris
1000 1391 1174 1448 legitur:
1205 1405 1292 1447 quo
1317 1389 1452 1433 verbo
1475 1390 1621 1432 addito
1644 1397 1834 1441 cavetur,
1865 1404 1919 1432 ne
1942 1404 2067 1432 aures
2094 1397 2297 1446 quattuor

135 1458 316 1502 vocibus
333 1462 377 1502 in
398 1475 425 1501 a
444 1459 694 1501 cadentibus
713 1459 1005 1502 offendantur:
1031 1460 1074 1501 id
1092 1460 1354 1501 manifestum
1374 1466 1457 1510 est,
1478 1458 1556 1501 sed
1577 1457 1934 1514 quemadmodum
1955 1457 2110 1514 copula
2128 1464 2196 1500 est
2211 1459 2295 1500 vim

136 1527 258 1568 vocis
284 1529 491 1586 opposita
516 1526 706 1568 intendat
727 1527 838 1578 (vid.
857 1527 1026 1569 Dissen.
1048 1526 1100 1569 ad
1119 1527 1158 1569 h.
1177 1526 1244 1579 l.),
1276 1526 1471 1582 equidem
1491 1540 1579 1568 non
1611 1525 1807 1582 dispicio;
1842 1524 1992 1568 dubito
2024 1526 2167 1577 etiam,
2195 1539 2296 1567 num

137 1600 207 1636 cst
236 1593 459 1636 commode
491 1593 697 1636 adiectum
731 1596 782 1636 sit
808 1594 947 1636 verbo
972 1597 1198 1652 opposita:
1230 1602 1342 1636 certe
1372 1596 1407 1635 si
1435 1596 1479 1635 in
1509 1593 1628 1635 libris
1657 1607 1745 1635 non
1771 1592 2001 1649 legeretur,
2030 1607 2156 1635 nemo
2186 1592 2296 1635 illud

139 1660 369 1703 admodum
402 1661 677 1703 desideraret.
741 1660 870 1703 ovid.
902 1663 1076 1704 Metam.
1108 1662 1180 1704 ΙΙΙ.
1211 1662 1334 1703 354.;
1371 1661 1446 1703 sed
1478 1661 1554 1702 fuit
1586 1663 1629 1701 in
1661 1668 1812 1702 tenera
1843 1667 1929 1701 tum
1961 1659 2056 1702 dira
2087 1659 2294 1717 superbia

138 1728 290 1775 forma.
340 1730 397 1770 At
427 1730 566 1770 vincat
597 1728 791 1771 codicum
827 1731 1066 1771 auctoritas.
1122 1728 1336 1785 Opposita
1365 1735 1530 1778 autem,
1567 1741 1653 1769 non
1685 1729 1890 1783 apposita
1922 1725 2148 1782 legendum
2179 1741 2293 1778 esse,

138 1795 239 1837 mihi
274 1809 450 1852 quoque
480 1810 727 1851 persuasum
761 1803 833 1837 est.
868 1796 1005 1838 Etiam
1032 1795 1146 1852 apud
1179 1794 1384 1837 Ovidium
1403 1794 1475 1836 ΙΙΙ.
1495 1796 1638 1836 Amor.
1660 1795 1731 1844 14,
1767 1794 1841 1835 1οε
1872 1796 2077 1851 opposita
2108 1801 2296 1850 praestat

138 1870 390 1919 propterea,
422 1863 540 1919 quod
569 1865 764 1919 sequitur
787 1863 1002 1919 populum
1030 1862 1271 1906 submovet.
1312 1862 1477 1906 Contra
1495 1861 1608 1918 apud
1625 1860 1807 1903 eundem
1829 1861 1880 1903 11.
1902 1868 1977 1903 art.
1997 1868 2115 1904 amat.
2134 1876 2174 1902 v.
2190 1861 2296 1912 244,

139 1938 180 1972 et
209 1930 322 1973 Fast.
340 1930 371 1972 Ι.
396 1930 492 1972 266.
524 1930 822 1986 anteponenda
854 1933 931 1972 erit
960 1932 1169 1986 scriptura
1199 1932 1417 1987 apposita.
1477 1930 1665 1972 Omnino
1695 1928 1770 1970 ubi
1800 1928 1842 1970 id
1874 1930 2037 1984 agitur,
2067 1936 2113 1971 ut
2142 1928 2295 1985 aliquis

138 1998 257 2040 aditu
290 1997 596 2054 prohibeatur,
634 2001 790 2039 rectius
829 2001 1035 2056 opposita
1074 2013 1177 2039 sera
1195 2029 1209 2048 ,
1246 2004 1393 2040 contra
1434 1996 1509 2038 ubi
1542 1996 1646 2052 quid
1676 1998 1891 2038 muniatur
1920 2003 1991 2038 aut
2021 1995 2294 2047 occludatur,

136 2067 293 2108 rectius
325 2067 530 2123 apposita
554 2080 656 2108 sera
684 2065 894 2108 scribitur.
927 2065 1054 2108 ovid.
1075 2064 1255 2107 Heroid.
1274 2065 1408 2120 Epist.
1425 2064 1522 2106 Vll.
1542 2066 1630 2106 init.
1652 2063 1791 2117 fores
1819 2063 2019 2106 dicuntur
2034 2063 2176 2106 Paridi
2202 2077 2295 2106 non

140 2135 370 2190 oppositae
400 2136 425 2175 i.
459 2147 494 2175 e.
525 2133 628 2174 nihil
659 2133 949 2189 prohibuisse,
983 2135 1085 2189 quin
1114 2132 1269 2188 hospes
1300 2132 1471 2174 domum
1500 2133 1686 2173 intraret.

221 2200 338 2256 Eleg.
371 2201 440 2241 lX.
468 2215 506 2242 V.
539 2200 575 2241 l.
617 2202 764 2242 miseri
793 2215 970 2242 amores
999 2202 1028 2241 ii
1057 2199 1141 2240 dici
1171 2206 1380 2255 possunt,
1419 2201 1493 2254 qui
1524 2205 1596 2240 aut
1624 2212 1713 2240 non
1742 2198 1876 2239 mutui
1906 2204 2004 2239 sunt
2033 2203 2106 2238 aut
2134 2195 2294 2252 proditi

137 2266 366 2323 multisque
397 2267 498 2309 inde
530 2267 787 2309 cruciatibus
818 2269 942 2308 animi
972 2282 1021 2308 ac
1051 2268 1163 2308 curis
1193 2268 1422 2309 coniuncti.
1471 2267 1619 2322 Itaque
1650 2266 1744 2315 hic,
1778 2264 1853 2306 ubi
1883 2271 2008 2319 poeta
2040 2265 2161 2319 pueri
2191 2277 2291 2320 per-

137 2334 282 2375 fidiam
304 2336 515 2390 increpat,
546 2336 731 2376 miseros
756 2348 830 2376 eos
852 2335 1013 2390 potius,
1045 2348 1169 2389 quam
1196 2339 1395 2383 teneros,
1420 2332 1463 2374 id
1483 2333 1602 2389 quod
1621 2333 1782 2374 Vossio
1807 2339 1848 2373 et
1868 2330 2091 2372 Huschkio
2113 2330 2293 2386 placuit,

138 2401 344 2444 dicendos
366 2401 512 2453 tuisse,
531 2409 714 2457 apparet.
736 2400 1096 2443 Wunderlichius
1119 2407 1232 2442 certe
1250 2413 1337 2442 non
1355 2402 1584 2456 ignoravit,
1606 2399 1724 2455 quod
1743 2398 1812 2440 vel
1831 2397 2043 2440 tironibus
2061 2411 2111 2439 ex
2129 2396 2292 2439 Ovidio

140 2470 351 2524 cognitum
383 2475 465 2520 est,
495 2482 662 2509 amores
694 2476 866 2510 teneros
898 2467 1007 2508 dici:
1038 2466 1115 2508 sed
1147 2468 1213 2508 vir
1242 2465 1396 2508 doctus
1422 2467 1579 2509 vidisse
1604 2466 1791 2518 videtur,
1821 2468 1864 2507 in
1894 2468 1997 2507 istos
2028 2478 2193 2506 amores
2220 2462 2291 2506 vel

139 2541 290 2578 castos
313 2535 380 2577 vel
401 2537 587 2578 miseros
605 2534 710 2577 illud
733 2536 951 2591 epitheton
973 2548 1060 2576 non
1082 2533 1303 2589 quadrare.
1327 2556 1381 2566 -
1411 2548 1451 2576 v.
1473 2534 1509 2575 7.
1540 2532 1675 2575 habili
1696 2538 1868 2574 aratro.
1900 2531 2116 2586 Quoniam
2143 2543 2292 2571 vomer

138 2602 228 2643 fere
259 2604 412 2660 gravis
442 2602 512 2643 vel
543 2601 683 2644 durus
715 2603 883 2644 dicitur:
918 2601 1079 2643 durum
1110 2603 1232 2642 etiam
1263 2607 1414 2642 terrae
1441 2615 1554 2657 opus
1580 2601 1717 2642 statim
1741 2598 2038 2655 subsequitur,
2065 2596 2290 2638 Dissenius

138 2669 282 2712 habile
322 2668 501 2726 explicat
537 2676 690 2725 aptum
726 2669 968 2712 vertendae
1003 2675 1153 2710 terrae
1190 2674 1235 2709 et
1273 2668 1386 2710 lucri
1413 2666 1607 2725 parandi
1636 2666 1835 2709 consilio.
1894 2667 1950 2706 At
1977 2662 2111 2705 multo
2140 2662 2290 2705 melius

138 2736 334 2791 Heynius
351 2769 362 2788 ,
398 2738 471 2792 qui
500 2735 645 2778 habile
674 2739 732 2778 ait
764 2743 968 2779 aratrum
999 2735 1083 2777 dici
1112 2742 1366 2791 propterea,
1401 2734 1520 2790 quod
1548 2736 1748 2777 aratoris
1778 2747 1912 2774 manu
1945 2732 2044 2788 regi
2072 2744 2126 2772 ac
2156 2729 2292 2787 dirigi

134 2805 286 2859 possit.
345 2805 384 2846 A
412 2806 525 2846 stiva
556 2805 750 2846 nimirum
782 2804 865 2845 hoc
899 2804 1086 2859 epitheto
1117 2802 1173 2845 ad
1204 2810 1410 2845 aratrum
1439 2802 1646 2845 translato
1676 2808 1803 2858 poeta
1838 2806 1936 2856 apte
1965 2799 2112 2841 rustici
2141 2799 2290 2854 magis,

139 2885 266 2925 quam
294 2870 426 2913 boum
458 2885 629 2926 operam
658 2870 904 2926 designavit.
943 2871 1094 2926 Virgil.
1117 2870 1315 2926 Georgic.
1343 2869 1374 2912 I.
1392 2870 1507 2912 213.:
1538 2877 1701 2925 tempus
1736 2870 1816 2910 iam
1848 2866 2009 2910 dudum
2038 2864 2289 2908 incumbere

138 2944 292 2980 aratro.
322 2939 370 2979 In
387 2952 514 2980 versu
531 2951 648 2980 nono
670 2940 877 2994 scriptura
891 2939 1097 2994 parentia
1114 2939 1214 2979 satis
1229 2936 1421 2978 firmatur
1439 2942 1480 2978 et
1495 2936 1722 2978 notissimis
1742 2933 1823 2976 illis
1842 2933 1948 2975 locis
1964 2932 2227 2982 Horatianis,
2243 2931 2288 2972 in
2348 2959 2361 2963 -
