2462 3112
1224 112 1366 180 xxv-'1

227 258 333 299 Aen.
355 255 436 306 VI,
465 255 567 297 546:
582 255 782 314 vestigia
802 257 981 307 torsit),
1010 254 1086 297 sed
1104 254 1304 296 hocloco
1323 257 1476 298 minus
1485 263 1626 312 aptum
1648 259 1731 299 esta
1759 259 1916 314 quippe
1939 260 2060 300 enim
2068 257 2355 316 poeffiripuda

223 329 445 368 znce-saum
472 323 582 366 dicit.
607 324 714 366 Res
739 323 885 366 eadem
915 331 1264 365 commemoratur
1285 323 1413 365 Ovid.
1433 325 1521 367 Art.
1551 331 1686 367 amat.
1684 325 1777 377 „111
1805 326 1910 368 299.
1924 326 2016 368 Est
2045 332 2086 368 et
2109 328 2154 377 in
2171 326 2354 379 innuen

227 397 326 449 pars
355 396 457 434 non
473 392 697 434 temnenda
726 392 920 442 decoris,
961 391 1088 434 allicit
1115 394 1283 447 ignotos
1319 391 1392 433 ille
1419 391 1623 448 fugatque
1644 394 1775 435 viros.
1808 417 1859 425 —
1895 409 1935 436 v.
1964 394 2004 436 9.
2046 393 2301 445 simillime*
2277 409 2354 447 iq·-

229 462 370 502 versio
401 467 463 502 est
493 459 623 502 Ovid.
652 461 742 502 Am.
779 459 836 511 ΙΙ,
875 461 919 510 5,
957 460 1030 510 43,
1072 474 1197 515 quem
1232 459 1375 501 locum
1413 462 1493 501 iam
1533 460 1670 502 attulit
1699 461 1912 516 Heynim,
1949 469 1992 504 et
2019 463 2108 504 Art.
2144 460 2355 516 amataefsslq

227 529 311 572 2137
333 543 424 585 sqq.
444 528 650 570 Huschkii
678 529 961 569 coniecturam
979 526 1111 580 fudit
1135 530 1283 569 merito
1311 526 1548 583 improbata
1578 534 1640 569 e'st
1658 527 1861 571 Dissenio
1888 529 1997 581 (vid.
2019 531 2108 572 eius
2131 537 2353 573 comment.

231 597 289 639 de
314 599 435 652 poesi
467 596 624 638 Tibull.
653 611 692 652 p.
723 595 849 648 1611).
893 595 1058 638 Etenim
1089 595 1373 651 capilli-nodo
1404 597 1618 637 constricti
1648 595 1769 637 simul
1798 611 1847 638 ac
1874 596 2118 650 solvuntur,
2146 598 2357 655 ipsimfuna

231 664 401 708 duntur.
434 664 567 720 Quod
588 679 682 706 cum
707 666 764 705 ita
793 666 863 714 sit,
893 665 1071 719 scriptor
1098 666 1342 719 neutiquam
1369 669 1458 705 e'am
1478 665 1669 719 migravit
1696 663 1851 720 legem,
1878 671 2024 706 contra
2045 673 2168 720 quam
2186 666 2354 709 §micha

231 732 327 775 kius
357 739 504 788 poetas
534 739 658 787 negat
693 746 875 787 unquam
916 733 1058 787 egisse.
1105 732 1175 773 De
1212 746 1260 773 re
1297 733 1388 787 ipsa
1417 731 1563 773 confer
1589 732 1739 773 Horat.
1768 731 1826 774 C.
1855 731 1936 783 111,
1957 732 2013 783 4,
2042 733 2109 774 61.
2152 731 2355 776 uiritim.

234 799 364 842 ovid.
391 800 561 842 Metam.
591 800 670 851 IX,
701 799 768 842 90.
813 802 902 841 Art.
933 807 1052 841 amat.
1082 800 1162 850 III,
1193 799 1286 841 142.
1331 801 1422 840 Am.
1453 799 1471 839 I
1509 813 1539 841 s.
1573 799 1635 840 10.
1671 814 1723 832 -’-
1765 815 1804 840 v.
1835 800 1900 841 13.
1940 806 2127 842 aeterno
2156 798 2355 856 Olympo&

233 868 368 924 Quod
395 870 438 910 in
467 867 680 910 nonnullis
707 867 826 909 libris
852 869 1063 923 reperitur
1083 865 1297 918 aetherio,
1327 867 1526 918 Heinsio,
1546 867 1729 923 Vulpio,
1757 867 1978 910 Huschkio
2006 881 2096 909 non
2125 866 2357 923 displiouite

231 936 364 978 multo
403 935 599 978 subtilius
635 936 832 991 Heynius
870 942 910 976 et
949 935 1171 977 Dissenius
1209 950 1304 977 rem*
1334 935 1578 990 indagantes
1616 937 1861 990 scripturam
1897 942 2080 978 aeterno
2118 934 2356 993 germanam

233 1019 326 1046 esse
351 1003 591 1045 iudicarunt
617 1017 698 1044 nec
727 1005 946 1058 quisquam
975 1002 1103 1044 hodie
1131 1002 1184 1044 ab
1213 1005 1263 1044 iis
1293 1002 1514 1045 dissentiet.
1555 1028 1600 1037 --
1629 1018 1668 1044 v,
1699 1004 1764 1045 16.
1794 1003 1941 1060 virgil.
1964 1001 2356 1060 Georg.JV,5335·:

230 1071 390 1114 vellera
416 1071 583 1124 fucata
620 1071 767 1112 Horat.
808 1069 856 1113 C.
888 1071 968 1121 ΙΙΙ,
1004 1071 1049 1122 5,
1083 1071 1157 1112 28:
1190 1070 1288 1112 lana
1313 1069 1430 1123 fuco
1460 1069 1702 1120 medicata,
1741 1070 1895 1126 quibus
1929 1071 2033 1113 locis
2070 1071 2140 1114 alii
2168 1067 2357 1114 sexcenti

234 1139 334 1182 addi
361 1146 555 1196 possunt:
594 1139 865 1181 nihilominus
894 1146 1031 1181 tamen
1061 1146 1138 1180 stat
1164 1140 1367 1194 scriptura
1397 1139 1550 1180 succis.
1589 1137 1696 1180 Plin.
1727 1139 1880 1181 Natur.
1908 1139 2013 1181 Hist.
2043 1139 2123 1191 IX,
2152 1140 2357 1198 62511111*-

234 1217 368 1264 purae
394 1222 492 1249 ,cum
523 1207 808 1259 cerificavere‚
837 1207 973 1249 fluxos
1007 1206 1165 1248 habent
1194 1220 1354 1247 succos.
1386 1205 1558 1248 Confer.
1581 1208 1751 1248 omnino
1772 1207 1914 1263 Heyn.
1936 1207 1989 1250 ad
2011 1208 2050 1249 h.
2079 1207 2107 1250 l.
2137 1232 2191 1239 —-
2222 1222 2262 1251 v,
2286 1208 2355 1250 19.

233 1290 431 1335 gemmas
460 1275 697 1318 Proximus
726 1274 831 1317 Eois
859 1275 1029 1332 colligit
1055 1273 1195 1316 Indus
1225 1275 1360 1331 aquis.
1411 1273 1596 1329 Scaliger
1625 1288 1718 1315 cum
1747 1273 1861 1322 Aldo
1900 1289 1981 1331 pro
2011 1275 2358 1333 gemmas-dedit?

234 1343 449 1393 conchas,
490 1343 606 1399 quod
635 1343 807 1398 Heynio
839 1341 1064 1398 probatum
1097 1349 1176 1393 est,
1217 1341 1333 1397 quod
1365 1343 1408 1383 in
1437 1343 1539 1382 mari
1569 1344 1863 1399 margaritae,
1901 1356 1988 1384 non
2016 1352 2216 1400 gemmae
2242 1338 2357 1399 leges

233 1419 392 1454 rentur.
434 1411 550 1452 Vide
595 1412 719 1451 etiam
757 1411 902 1452 Heins.
940 1410 993 1452 ad
1031 1409 1158 1452 Ovid.
1196 1412 1284 1451 Art.
1320 1423 1394 1450 am.
1435 1408 1523 1460 ΙΙΙ,
1548 1410 1655 1450 124.
1717 1410 1896 1466 Egregie
1933 1418 2072 1452 tamen
2100 1408 2282 1453 Vossius
2303 1417 2356 1452 *et

232 1479 476 1522 Huschkius
511 1481 756 1534 scripturam
791 1493 987 1537 gemmas
1024 1478 1077 1520 ab
1118 1481 1231 1520 omni
1269 1478 1507 1532 suspicione
1536 1477 1831 1520 defenderunt.
1875 1479 2071 1534 Propert.
2099 1479 2136 1529 1,
2176 1476 2361 1530 14,-.12:·

232 1548 301 1603 Et
328 1547 481 1603 legitur
510 1546 649 1589 rubris
688 1561 847 1602 gemma
887 1546 966 1588 sub
1001 1545 1270 1602 aequoribus.
1308 1545 1435 1588 Ovid.
1466 1548 1554 1587 Art.
1584 1561 1660 1587 am.
1691 1546 1772 1598 ΙΙΙ,
1814 1547 1914 1588 129:
1942 1549 2035 1589 Vos
2067 1555 2358 1603 quoque-norff

232 1605 339 1658 caris
366 1629 488 1673 aures
519 1622 688 1656 onerate
717 1614 889 1670 lapillis,
918 1628 1024 1670 quos
1054 1614 1155 1670 legit
1185 1616 1229 1655 in
1257 1614 1382 1655 viridi
1412 1614 1589 1656 decolor
1617 1614 1746 1656 Indus
1777 1629 1897 1671 aqua.
1946 1615 2048 1670 Quo
2078 1614 2227 1657 eodem
2252 1609 2354 1656 loco

231 1687 439 1739 scriptura
469 1685 593 1740 aquis
627 1690 774 1724 contra
798 1682 1005 1737 Scaligeri‘
1039 1684 1319 1724 coniecturam
1354 1683 1474 1738 equis
1510 1683 1719 1722 munitur:
1756 1696 1866 1736 quae
1900 1685 2152 1724 coniectura
2179 1681 2355 1738 probari

231 1758 397 1808 posset,
427 1753 462 1792 si
482 1751 535 1792 de
555 1750 698 1792 Indiae
719 1753 801 1792 situ
821 1757 1031 1806 ageretur:
1061 1764 1204 1791 verum
1234 1751 1362 1791 totius
1391 1748 1476 1790 loci
1497 1755 1712 1799 venustas,
1741 1756 1787 1791 ut
1810 1757 1925 1791 recte
1950 1750 2238 1792 animadvertit
2257 1741 2359 1793 Dis'-

234 1822 394 1870 senius,
421 1820 465 1860 in
495 1818 654 1860 dilectu
678 1833 820 1859 rerum
848 1820 958 1859 inter
987 1832 1032 1858 se
1064 1819 1349 1873 oppositarum
1372 1818 1567 1858 cernitur.
1598 1817 1744 1872 Itaque
1772 1819 1893 1858 sicuti
1914 1831 2040 1873 supra
2061 1813 2169 1860 bene
2191 1818 2358 1861 olentia

237 1903 349 1930 arva
379 1893 420 1929 et
450 1885 645 1928 odorata
668 1900 815 1943 seges,
844 1887 903 1926 sic
932 1885 1013 1927 hoc
1041 1885 1140 1927 loco
1170 1885 1272 1927 litus
1301 1884 1406 1927 rubr
1409 1900 1481 1926 um
1511 1892 1552 1926 et
1569 1884 1693 1926 ane
1721 1899 1862 1942 aquae
1889 1887 2030 1927 iuncta
2057 1893 2098 1928 et
2126 1888 2357 1954 composita

234 1963 344 1999 sunt.
374 1979 427 1988 -
457 1969 496 1995 v,
517 1954 585 1996 23.
613 1954 712 1996 Hoc
739 1954 934 1996 solemne
963 1968 1150 1996 sacrum.
1181 1953 1344 1995 multos
1372 1952 1457 1995 hoc
1482 1955 1613 1995 sumit
1641 1955 1685 1994 in
1715 1967 1876 1995 annos.
1907 1952 2086 2011 dignior
2101 1960 2180 1997 est
2206 1947 2357 1997 ves-'tro

233 2023 360 2067 nulla
385 2022 535 2080 puella
564 2020 714 2064 choro.
744 2023 940 2063 Varietas
970 2024 1202 2077 scripturae
1229 2023 1377 2072 sumit,
1406 2027 1572 2071 sumat,
1601 2027 1804 2072 summet,
1830 2020 1999 2074 fumet,
2027 2021 2132 2064 nihil
2160 2021 2355 2078 praebet,

235 2091 355 2148 quod
389 2093 583 2146 cuiquam
622 2089 796 2146 placeat.
839 2090 1021 2146 Vulgata
1057 2088 1300 2132 celebretur
1333 2090 1572 2131 coniectura
1598 2085 1766 2130 videtur
1796 2103 1900 2131 esse.
1951 2088 2235 2146 Depravatum
2265 2098 2360 2133 esse

234 2159 377 2202 locum
396 2159 476 2199 viri
506 2158 620 2199 docti
646 2160 756 2199 inter
785 2172 829 2199 se
859 2160 1145 2200 consentiunt:
1174 2157 1247 2199 sed
1271 2171 1386 2213 ,quae
1416 2171 1608 2213 germana
1634 2157 1759 2199 fuerit
1787 2159 2009 2213 scriptura,
2037 2159 2244 2201 incertum
2274 2148 2356 2202 est:

236 2228 466 2269 coniiciunt
497 2225 568 2266 alii
597 2224 722 2266 aliud.
753 2225 1040 2266 Lachmannus
1069 2227 1187 2281 signo
1218 2224 1496 2267 distinctionis
1527 2231 1623 2281 post
1651 2237 1798 2265 vocem
1826 2238 2002 2266 sacrum
2030 2227 2171 2280 posito
2199 2228 2358 2269 sumite

235 2293 365 2337 scribi
392 2292 522 2335 iubet.
571 2293 802 2335 Notissima
832 2292 994 2334 locutio
1025 2300 1087 2334 est
1117 2295 1341 2334 materiem
1368 2308 1539 2335 sumere
1574 2291 1875 2347 explicandam,
1915 2291 2211 2334 enarrandam:
2237 2293 2358 2336 velut

236 2363 386 2404 Horat.
416 2361 447 2402 Ι.
479 2360 529 2402 C.
560 2360 632 2401 12:
670 2375 792 2415 quem
821 2362 954 2401 virum
983 2363 1109 2402 sumis
1139 2359 1356 2402 celebrare
1390 2360 1501 2403 Clio.
1540 2360 1796 2402 Sententiam
1824 2373 1929 2401 vero
1957 2361 2037 2401 viri
2066 2359 2181 2403 docti
2203 2360 2357 2403 ‘volunt

238 2444 331 2472 esse
360 2429 535 2470 hancce:
564 2427 646 2469 hoc
675 2427 877 2469 sollemne
904 2442 1066 2469 sacrum
1095 2430 1165 2469 sit:
1203 2429 1285 2469 hoc
1318 2430 1466 2469 sumite
1505 2429 1547 2469 in
1575 2427 1729 2469 multos
1767 2440 1900 2468 annos
1930 2423 2205 2478 ornandam,
2243 2427 2354 2471 cele-

236 2495 456 2539 brandum
495 2494 618 2548 (vide
652 2495 815 2536 Dissen.
852 2495 905 2536 ad
941 2495 979 2537 h.
1017 2495 1082 2548 l.).
1140 2496 1209 2538 De
1247 2498 1290 2537 vi
1329 2497 1652 2551 praepositionis
1688 2498 1734 2537 in
1770 2495 2010 2537 Huschkius
2049 2497 2235 2538 monuit:
2277 2494 2354 2537 sed

237 2563 434 2619 equidem
463 2561 615 2604 adduci
643 2575 731 2603 non
759 2576 950 2617 possum,
976 2569 1023 2604 ut
1052 2562 1238 2614 credam,
1268 2565 1313 2605 in
1340 2578 1517 2619 usquam
1545 2563 1658 2604 idem
1686 2562 1846 2614 valere,
1876 2562 1993 2619 quod
2017 2576 2117 2619 per:
2145 2561 2259 2604 aliud
2291 2569 2356 2605 est

237 2632 347 2673 enim
381 2645 462 2686 per
498 2629 636 2671 horas
669 2644 838 2680 omnes,
868 2629 982 2671 aliud
1021 2633 1066 2672 in
1101 2629 1237 2672 horas
1269 2645 1418 2673 omnes
1458 2631 1636 2687 aliquem
1674 2637 1916 2686 exspectare
1947 2630 2082 2682 (conf.
2112 2630 2240 2686 Prop.
2268 2630 2353 2680 ΙΙΙ,

234 2699 447 2751 29,;13.).
497 2698 585 2740 Sed
621 2705 666 2740 ut
702 2700 1027 2754 praetermittam
1064 2701 1261 2740 omissum
1296 2701 1385 2748 sit,
1428 2713 1526 2740 num
1563 2698 1794 2740 infinitivus
1830 2704 1909 2739 aut*
1937 2698 2201 2753 participium
2233 2696 2354 2739 verbi

235 2765 449 2810 cantandi
487 2765 709 2808 commode
746 2773 887 2820 potest
924 2779 974 2807 ex
1003 2765 1294 2821 superioribus
1329 2767 1489 2820 repeti?
1531 2766 1706 2808 Dubito.
1758 2765 1807 2807 In
1847 2771 2029 2821 excerpt.
2060 2765 2174 2821 Lips.
2201 2758 2362 2821 legitur*

233 2839 398 2876 servet:
434 2832 533 2874 inde
578 2833 772 2874 coniicias
803 2832 964 2874 multos
998 2835 1179 2875 servetis
1214 2835 1259 2875 in
1289 2846 1447 2874 annos:
1485 2847 1564 2875 nec
1595 2833 1822 2874 absurdum
1855 2831 1899 2874 id
1929 2832 2065 2884 soret,
2103 2831 2180 2874 sed
2208 2831 2365 2888 paullo·

233 2899 483 2957 languidius.
530 2900 666 2942 Poeta
694 2899 822 2941 modo
857 2900 1033 2942 dixerat:
1068 2899 1207 2951 hanc,
1236 2900 1397 2942 Musae
1426 2906 1471 2941 et
1498 2900 1702 2957 Apollo,
1720 2906 1916 2942 cantate:
1954 2899 2106 2942 deinde
2134 2901 2177 2942 in
2205 2899 2352 2942 ultimo

233 2982 360 3009 versu
399 2965 500 3010 dicit
540 2966 665 3009 nulla
702 2966 854 3023 puella
894 2973 1042 3010 vestro
1080 2966 1217 3010 choro
1264 2966 1443 3026 dignior
1485 2973 1563 3010 est.
1626 2969 1687 3010 Ex
1738 2968 1801 3010 his
1845 2969 1944 3026 ipsis
1980 2966 2136 3010 verbis.
2158 2966 2204 3010 id
2239 2968 2354 3009 cert'e
