2462 3112
1169 104 1359 146 xxxm

186 224 412 273 vifitdocti
436 222 794 280 longinquitatem
822 222 925 282 viae*
943 219 1317 272 miratiEretino,
1348 218 1468 275 quod
1496 218 1713 262 dederunt
1741 219 1856 271 Itali,
1885 227 1967 263 aut
1986 220 2206 273 Reatino,
2236 235 2351 279 quae

186 290 786 342 estfconiecmralluschkii,
820 289 903 345 legi
931 287 1184 332 maluerunt.
1220 290 1438 332 Arretium
1469 289 1578 330 enim
1605 287 1722 330 mille
1752 303 1856 331 sane
1886 288 2021 332 stadia
2051 288 2105 334 ab
2132 289 2251 335 urbe*
2272 289 2356 335 ah-'

186 358 590 416 erafflwidnSn-ab.
619 359 647 402 l.
678 360 804 415 V.·p.
834 357 966 410 226):
1003 357 1087 399 hoc
1124 359 1280 399 iustum
1316 359 1398 399 iter
1436 363 1512 401 est.
1571 355 1620 398 In
1659 354 1940 412 subsequenti
1968 360 2152 401 carmine
2177 357 2347 415 ,legitur

186 431 360 490 quidem
396 430 483 473 iter
517 443 576 472 ex
613 430 760 471 animo
798 426 1024 487 sublatum
1063 428 1190 468 triste
1220 425 1411 482 puellae.
1476 426 1620 480 Atque
1652 425 2112 481 Disseniusstparentes
2143 429 2347 484 opinatur

185 501 373 555 voluisse
399 498 485 542 boo
509 499 662 540 itinere
690 495 876 553 puellam
910 508 1036 552 quam
1065 493 1311 549 longissime
1343 508 1366 535 e
1396 494 1550 535 vicinia
1581 493 1778 536 Cerinthi
1806 507 2042 536 semovere.
2086 494 2171 538 Cui
2200 508 2350 551 quam-

184 567 547 618 viaeonsentias,
584 571 647 608 est
684 572 850 615 tamen,
888 562 1007 620 quod
1036 564 1225 613 mireris,
1263 561 1317 604 ad
1357 560 1660 604 celebrandum
1691 559 1805 604 diem
1834 561 2016 604 natalem
2050 562 2349 610 huiuscemodi

185 639 347 682 itineris
376 634 592 693 molestias
623 632 825 679 exhiberi.
855 633 1149 678 Veruntamen
1178 634 1222 674 in
1253 631 1333 673 hac
1361 645 1409 672 re
1439 630 1565 674 nobis
1595 646 1774 687 prorsus
1803 633 1950 687 ignota
1983 646 2076 673 cum
2103 631 2211 674 nihil
2241 632 2349 674 certi

184 706 493 762 statuipossit,
520 708 708 759 praestat
738 703 924 744 retinere
954 701 1222 756 scripturam,
1254 714 1380 755 quam
1412 698 1528 740 aliud
1563 699 1667 756 quid
1698 713 1932 755 reponere,
1961 699 2080 755 quod
2109 714 2190 742 nec
2217 702 2347 756 magis

187 774 454 833 exploratum
483 773 539 815 sit
569 777 612 814 et
642 769 773 813 dubia
803 770 1055 811 auctoritate
1084 770 1251 809 nitatur.
1275 791 1329 799 —
1363 767 1449 810 Pro
1480 770 1622 810 amnis
1656 770 1701 809 in
1731 767 1954 811 nonnullis
1983 768 2104 811 libris
2132 771 2349 825 reperitur

184 849 343 887 annus.
396 839 532 897 Quod
572 841 652 881 etsi
691 838 746 880 ab
787 840 952 880 incerto
993 843 1169 879 auctore
1207 837 1447 893 profectum
1480 844 1541 879 est
1577 836 1687 890 (vid.
1719 837 1888 879 Lachm.
1919 839 2103 890 annot),
2142 838 2347 880 Heinsius

183 919 342 963 tamen,
369 908 688 959 Broukhusius,
716 908 931 962 Heynius‚
959 904 1204 947 Huschkius
1232 911 1501 961 receperunt.
1546 905 1654 947 Inde
1683 905 1865 947 natalem
1896 905 2112 961 Sulpiciae
2141 904 2268 948 iidem
2298 907 2345 949 in

184 989 351 1037 tompus
371 978 596 1024 hibernum
618 976 815 1019 incidisse
837 976 1079 1018 coniiciunt.
1110 972 1324 1016 Videlicet
1345 974 1477 1015 hiems
1497 975 1605 1024 ruri,
1636 988 1763 1029 quam
1793 975 1836 1016 in
1856 973 1966 1016 urhe
1997 976 2157 1016 tristior
2186 981 2260 1016 est.
2289 981 2349 1017 At

184 1061 280 1094 cum
309 1048 414 1091 villa
440 1053 768 1091 commemorata
799 1046 873 1096 sit,
912 1057 1003 1085 non
1033 1041 1266 1084 absurdum
1296 1045 1376 1084 erit
1403 1043 1589 1098 opinari,
1620 1056 1767 1084 omnes
1797 1044 1984 1098 regionis
2014 1045 2292 1085 amoenitates
2321 1057 2348 1085 a

183 1116 372 1162 Messala
400 1129 670 1172 summopere
699 1112 893 1156 laudatas
923 1125 1038 1161 esse,
1079 1118 1127 1152 ut
1157 1112 1339 1152 animum
1369 1110 1542 1167 puellae
1571 1109 1768 1153 alliceret.
1820 1111 2040 1162 Heinsius,
2077 1126 2172 1152 cum
2202 1112 2347 1155 amnis·

184 1187 386 1242 languere
406 1186 447 1229 ei
463 1184 704 1233 videretur,
725 1181 886 1224 Arnus
907 1181 1109 1230 coniecit,
1140 1179 1259 1236 quod
1290 1185 1353 1221 est
1376 1181 1420 1220 in
1443 1178 1595 1221 codice
1618 1179 1838 1221 Thuaneo.
1866 1179 2137 1231 Concedam,
2168 1179 2349 1236 intelligi

184 1253 518 1300 huncfluvium:
547 1250 724 1294 multum
754 1258 894 1293 tamen
925 1244 1065 1301 abest,
1096 1257 1142 1290 ut
1172 1247 1469 1305 appellativum
1500 1255 1643 1304 putem
1674 1262 1754 1290 suo
1787 1247 1887 1290 loco
1910 1247 2183 1290 movendum.
2214 1249 2349 1291 Nam-

185 1339 272 1382 que
299 1322 446 1380 puella
476 1321 723 1364 contemtim
752 1319 858 1362 haec
886 1321 1029 1361 iactat:
1069 1319 1144 1373 qui
1173 1317 1330 1360 fluvius
1360 1319 1439 1359 iste
1470 1323 1609 1368 esset,
1648 1323 1763 1358 certe
1793 1330 1884 1358 non
1911 1315 2167 1372 ignorabant
2194 1317 2253 1367 ii,
2292 1314 2349 1359 ad

165 1406 295 1449 ,quos
325 1391 430 1433 haec
460 1391 616 1445 scripta
646 1394 777 1430 erant.
807 1387 922 1428 Was
950 1384 1051 1436 soll,
1079 1387 1237 1440 inquit,
1268 1384 1364 1428 dem
1385 1384 1605 1428 Madchen
1634 1388 1730 1428 eine
1750 1386 1888 1437 Villa,
1916 1401 2006 1428 was
2038 1386 2115 1428 der
2135 1385 2261 1428 Fluss
2290 1387 2348 1428 im

182 1461 404 1513 Arretiner
425 1456 627 1504 Gebiete.
655 1454 824 1497 Tiberis
847 1453 994 1497 urbem
1016 1453 1259 1509 praefluens
1279 1453 1452 1510 puellae
1473 1453 1590 1495 solus
1611 1454 1779 1510 placuit.
1810 1452 2021 1512 Frigidus
2044 1461 2202 1506 autem,
2225 1453 2348 1510 quod

186 1528 282 1575 fene.
308 1526 512 1571 tribuitur
542 1524 732 1568 fontibus
763 1539 813 1566 ac
837 1521 1105 1582 fluminibus,
1135 1522 1219 1563 hoc
1247 1521 1346 1564 loco
1377 1529 1483 1577 puto
1515 1537 1610 1564 cum
1637 1522 1809 1565 delectu
1837 1524 2035 1578 positum.
2071 1522 2352 1578 Concupiscit

183 1599 295 1643 enim
326 1595 515 1652 Sulpicia
543 1593 709 1636 calores
739 1606 829 1635 non
860 1606 1065 1647 aquarum
1097 1588 1293 1646 quidem,
1324 1589 1401 1631 sed
1430 1589 1550 1631 alios.
1598 1590 1801 1631 Fortasse
1831 1588 2020 1631 Messala
2049 1589 2173 1632 villae
2203 1603 2348 1631 amoe-

181 1667 357 1708 nitatem
375 1696 386 1713 ‚
423 1667 698 1718 prospectum
723 1661 774 1701 ¹in
805 1672 970 1705 amnem
1000 1657 1370 1713 praeterfluentem
1406 1663 1828 1699 commemoraverat:
1868 1657 2042 1698 frustra:
2073 1657 2216 1713 puella
2244 1658 2350 1700 haee

183 1734 325 1777 omnia
363 1744 467 1787 prae
499 1728 694 1772 Cei-iuthi
731 1725 1044 1769 consuetudine
1078 1725 1206 1768 flocci
1242 1724 1381 1766 habet.
1418 1750 1470 1758 -—
1515 1740 1582 1766 vv,
1615 1725 1642 1765 5
1674 1739 1765 1781 sqq.
1806 1724 1903 1766 Iam
1935 1725 2348 1768 nimiwnIlIessala

182 1803 270 1845 mei
296 1798 498 1843 studiose
527 1799 754 1855 quiescas,
783 1794 896 1838 Non
924 1796 1210 1851 tempestivae
1237 1808 1372 1851 saepe
1406 1795 1657 1851 propinque
1686 1796 1795 1836 viae.
1845 1793 2123 1836 Manifestum
2154 1801 2235 1846 est,
2265 1795 2351 1838 mei

180 1868 383 1915 studiose
421 1882 517 1908 cum
553 1864 717 1907 urbana
754 1865 953 1906 irrisione
993 1863 1151 1906 dictum
1190 1877 1309 1904 esse:
1354 1869 1443 1904 erat
1480 1864 1589 1904 enim
1617 1861 1786 1918 puellae
1817 1862 1900 1903 hoc
1937 1863 2004 1904 sui
2035 1861 2220 1905 studium
2251 1877 2349 1919 per-

183 1954 309 1998 quam
334 1936 571 1981 molestum.
628 1934 766 1976 Etiam
805 1934 1006 1990 quiescas
1037 1931 1197 1973 nullam
1238 1929 1361 1973 habet
1402 1930 1639 1987 explicandi
1677 1930 1994 1979 difficultatem,
2031 1931 2110 1974 sed
2140 1947 2252 1988 quae
2282 1947 2349 1977 se-

184 2014 402 2065 quuntur,
438 2013 521 2047 tam
559 2001 764 2059 impedita
797 2008 922 2052 sunt,
957 2008 1005 2043 ut
1040 2001 1107 2041 vix
1142 2001 1307 2056 possint
1337 2002 1545 2042 extricari.
1587 1999 1774 2042 Videtur
1808 1999 1929 2043 locus
1966 1999 2234 2057 depravatus.
2283 2001 2350 2043 Ac

182 2078 366 2134 primum
394 2072 566 2130 quidem
595 2086 689 2114 non
719 2071 1002 2133 tempestivae
1032 2083 1112 2125 pro
1140 2071 1472 2126 intempestivae
1502 2070 1687 2137 positum
1718 2068 1876 2112 dicunt.
1925 2069 2045 2112 Esto.
2099 2069 2210 2111 'l'um
2238 2083 2349 2127 pro—

180 2147 345 2203 pinque
382 2140 741 2184 Wunderlichius
791 2145 1010 2195 comparat
1049 2137 1318 2180 Graecorum
1354 2136 1497 2193 ἐγγύς
1535 2140 1647 2179 εἰναι
1688 2137 1819 2193 idque
1867 2138 2171 2193 interpretatur
2213 2152 2348 2195 saepe

179 2216 268 2259 iter
295 2212 647 2269 intempestivum
678 2213 938 2265 susceptura
966 2206 1005 2248 h.
1036 2221 1071 2249 e.
1107 2208 1182 2262 qui
1218 2220 1308 2248 non
1344 2205 1474 2248 semel
1506 2206 1607 2248 mihi
1640 2205 1847 2248 molestus
1885 2205 1999 2249 fuisti
2032 2205 2254 2250 itineribus
2282 2210 2350 2250 in-

183 2282 455 2338 tempestivis.
485 2278 672 2334 Vulpius
697 2291 872 2333 quoque
892 2277 1141 2333 propinque
1171 2273 1349 2330 explicat
1377 2273 1618 2317 identidem
1640 2277 1866 2332 cogitans,
1896 2274 2014 2316 velut
2036 2275 2139 2319 Luc.
2160 2275 2347 2323 Pharsal.

184 2351 270 2402 vl,
301 2351 346 2394 l:
377 2349 507 2392 duces
538 2361 706 2405 pugnae
734 2354 878 2389 mente
908 2346 1153 2401 propinqui.
1182 2344 1240 2385 At
1268 2350 1465 2385 neutrum
1495 2341 1671 2399 probari
1700 2349 1863 2399 potest,
1893 2350 1940 2385 ut
1969 2349 2084 2385 recte
2114 2342 2220 2386 vidit
2245 2344 2350 2392 Dis-,

183 2422 343 2463 senius.
390 2417 634 2461 Huschkius
663 2430 812 2458 vocem
836 2416 1086 2472 propinque
1119 2427 1208 2454 non
1245 2411 1510 2467 aggreditur:
1547 2426 1682 2468 saepe
1712 2419 1939 2468 oppugnat.
1989 2412 2186 2467 Heynius
2216 2412 2350 2462 scn’bi

183 2486 304 2531 vult:
345 2488 562 2543 quiescas,
601 2498 692 2526 non
727 2487 1019 2540 tempestivam
1049 2483 1110 2525 sic
1138 2494 1372 2537 properare
1400 2481 1531 2531 viam,
1570 2486 1642 2521 aut
1680 2482 1893 2535 quiescas,
1940 2493 2030 2529 non
2067 2483 2349 2536 tempestivae

185 2569 391 2613 spemque
419 2553 616 2609 relinque
638 2555 742 2594 viae.
773 2566 958 2607 quorum
987 2542 1164 2592 alterum
1195 2550 1276 2590 iam
1306 2554 1555 2603 propterea,
1585 2547 1704 2603 quod
1732 2550 1925 2604 sequitur
1952 2548 2178 2606 relinquo,
2209 2549 2347 2595 altero

186 2630 251 2668 est
279 2623 479 2665 deterius.
507 2621 731 2663 Dissenius
763 2626 805 2660 et
836 2617 1080 2661 Huschkius
1111 2618 1226 2659 omni
1257 2617 1504 2657 coniectura
1534 2613 1844 2658 abstinuerunt.
1886 2614 2140 2658 Prudenter.
2180 2617 2351 2662 Licebit

183 2700 347 2742 tamen,
390 2704 503 2747 quae
541 2689 595 2731 de
627 2688 771 2744 aliquo
802 2687 901 2732 loco
938 2687 1173 2743 depravato
1204 2682 1430 2726 meditatus
1469 2682 1632 2734 fueris,
1676 2685 1755 2725 etsi
1791 2697 1880 2726 non
1917 2686 2187 2739 assequaris,
2225 2685 2349 2742 quod

183 2761 394 2811 volueris,
427 2757 623 2814 proferre
655 2764 699 2800 et
728 2771 823 2799 cum
854 2755 947 2805 aliis
977 2755 1300 2805 communicare.
1329 2752 1481 2806 ltaque
1501 2749 1691 2792 breviter
1713 2750 1870 2802 dicam,
1901 2751 2006 2806 quid
2037 2750 2092 2794 de
2122 2759 2215 2796 toto
2245 2753 2348 2802 loco

184 2831 373 2878 sentiam.
414 2827 622 2880 Quiescas
652 2833 725 2869 aut
757 2823 1170 2881 absolute-positum
1200 2828 1308 2865 erat:
1347 2827 1436 2862 tum
1465 2835 1569 2863 vero
1602 2819 1810 2874 significat
1848 2819 1982 2871 ruhe,
2018 2818 2116 2876 gieb
2147 2819 2245 2864 dich
2275 2835 2353 2871 zu.

185 2897 379 2955 trie-den,
410 2895 678 2951 beunruhige
708 2893 806 2937 dieb
832 2893 1146 2935 nichtweiter:
1183 2897 1256 2933 aut
1295 2895 1386 2930 erat
1412 2895 1528 2930 arcte
1560 2902 1655 2929 cum
1688 2886 1968 2942 sequentibus
2000 2887 2144 2932 verbis
2175 2890 2352 2948 copula·-

184 2973 316 3014 tumz,
338 2973 428 3009 tum
454 2966 559 3008 vitio
592 2965 828 3020 scripturae
859 2960 1094 3005 infinitivus
1122 2958 1244 3002 verbi
1274 2956 1453 3000 alicuius
1481 2955 1653 2999 videtur
1684 2954 1964 2999 intercidisse.
2019 2956 2136 3000 Nam
2174 2960 2355 3018 iungere

1804 3023 1830 3064 5
