2462 3112
1203 110 1363 151 XXIV-
1424 103 1429 113 “

201 230 360 286 magica
382 227 527 271 sedem
547 225 725 280 habere,
755 233 798 270 et
826 225 951 286 quod
979 241 1124 286 saepe,
1153 229 1400 286 praesertim
1429 230 1475 272 in
1497 229 1719 274 Ciceronis
1741 231 1952 288 epistolis,
1982 232 2126 276 valere
2146 219 2354 293 'leiwand

196 300 374 349 attinet,
407 310 529 353 ergo,
565 297 723 353 inquit,
752 295 874 340 locus
895 296 1058 340 Tibulli
1086 299 1142 340 ita
1172 297 1445 357 explicandus
1476 305 1558 342 est:
1588 299 1710 342 Haec
1737 301 1839 342 mihi
1867 315 2074 355 nocuere,
2104 302 2260 355 facies,
2284 309 2352 348 to-

195 367 289 410 neri
310 365 476 416 lacerti,
505 365 642 407 flavae
666 379 826 407 comae.
867 364 999 419 Quod
1015 379 1123 408 vero
1147 368 1309 408 attinet
1330 366 1502 409 divitem
1533 373 1780 420 amatorem,
1812 370 1886 424 qui
1906 368 2061 411 Deliae
2082 368 2221 422 adest,
2247 369 2353 413 ham

194 434 294 476 mihi
325 440 488 490 pestem
517 434 720 475 exitiosae
748 432 872 475 lenae
909 433 1114 485 calliditas
1143 441 1208 476 est
1234 434 1480 477 machinata.
1538 434 1747 491 Equidem
1777 437 1892 478 istud
1921 436 2046 494 qaod
2072 440 2233 481 attinet
2258 448 2352 482 non

195 507 374 544 venuste
396 500 575 552 dictum,
604 500 710 542 illud
731 507 893 553 autem,
923 501 1042 557 quod
1066 501 1211 544 dicunt
1231 508 1403 558 praeter
1425 502 1594 545 divitem
1617 510 1847 546 amatorem
1869 503 1986 547 aliud
2016 506 2170 548 malum
2197 505 2350 559 fuisse,

193 583 250 612 ne
275 583 423 611 verum
453 569 625 625 quidem
658 582 752 611 esse
785 570 986 612 existimo.
1017 569 1369 613 Brouckhusiana
1399 571 1752 626 interpretatione
1785 573 2037 628 compositio
2069 580 2110 615 et
2139 567 2353 617 structura

194 638 323 680 totius
353 635 440 679 loci
470 636 717 679 dissolvitur
743 636 812 679 vel
842 637 1048 679 disiicitur
1075 639 1231 694 potius.
1263 637 1403 694 Quod-
1428 653 1522 679 cum
1543 638 1742 694 ‘Heyni-us
1763 639 2050 692 intellexisset,
2079 641 2214 685 iunxit
2236 638 2351 684 >haec

193 720 289 748 cum
309 704 454 747 verbis
476 703 754 761 sequentibus
777 712 1000 762 totumque
1020 704 1162 747 locum
1184 708 1242 747 ita
1263 707 1566 762 interpretatus
1591 711 1673 747 est:
1702 706 1803 748 mihi
1822 705 1909 750 hoc
1930 709 2077 749 nocuit
2101 714 2144 750 et
2164 703 2349 750 animuin

191 773 344 816 Deliae
376 772 632 815 abalienavit
662 787 685 814 a
714 787 800 825 me,
831 773 951 829 quod
983 773 1100 815 dives
1130 779 1295 815 amator
1326 779 1370 814 et
1395 773 1495 815 lena
1524 774 1703 829 pessima
1734 788 1824 816 eam
1854 773 2132 818 obsederunt.
2175 777 2350 818 Veru‘n-

191 847 332 883 tamen
361 839 446 882 hoc
474 839 605 882 modo
639 846 681 882 et
710 854 779 890 ea,
818 855 929 896 quae
958 847 1073 883 arcte
1107 842 1220 883 inter
1248 855 1295 883 se
1325 841 1572 893 cohaerent,
1602 841 1711 883 male
1742 841 2006 884 divelluntur
2035 850 2078 885 et
2105 842 2350 886 totiust·loci

189 921 367 951 acumen
396 909 517 964 perit.
561 907 659 949 Pari
687 906 818 949 modo
840 907 1217 959 Wunderlichius,
1249 909 1565 960 Lachmannus,
1594 908 1820 952 Dissenius
1849 908 1961 952 haec
1990 910 2181 952 referunt
2202 909 2257 953 ad
2277 909 2366 962 ea‚'

189 990 302 1032 quae
328 982 586 1032 sequuntur,
615 982 744 1031 atque
765 975 990 1018 Dissenius
1015 977 1214 1033 explicat:
1244 977 1312 1019 hic
1331 976 1429 1019 fons
1458 976 1664 1019 malorum
1693 978 1811 1029 mihi,
1842 977 1960 1033 quod
1983 977 2100 1020 dives
2124 983 2286 1020 amator
2305 979 2347 1020 ei

188 1042 310 1086 adest
338 1050 380 1086 et
407 1043 505 1085 lena
534 1044 725 1099 pessima.
764 1042 821 1086 Et
850 1044 1068 1099 profecto,
1100 1044 1278 1087 disticho
1308 1044 1384 1087 illo
1409 1043 1532 1087 Talis
1562 1044 1625 1086 ad
1642 1044 1940 1087 Haemonium
1963 1068 2017 1077 —
2043 1043 2196 1088 Thetis⁴
2219 1044 2348 1087 inten-

167 1114 328 1169 posito
367 1114 436 1153 vix
477 1118 619 1169 potest
655 1111 767 1154 haee
804 1114 1047 1169 retorqueri
1085 1112 1140 1155 ad
1171 1127 1237 1165 ea,
1280 1126 1391 1169 quae
1416 1126 1547 1168 supra
1579 1112 1636 1154 de
1665 1111 1819 1154 Deliae
1851 1099 2006 1163 foima,
2049 1124 2135 1168 qua
2162 1113 2346 1155 cuiusvis

186 1182 368 1224 animum
389 1179 690 1239 permulceret,
721 1180 835 1222 dicta
860 1188 969 1222 sunt.
1004 1181 1113 1223 Non
1132 1195 1280 1221 mmm·
1298 1195 1520 1222 numerum
1549 1179 1758 1234 pluralem
1786 1176 2068 1233 pronominis,
2100 1191 2194 1221 cum
2221 1177 2346 1236 prae-
2392 1178 2394 1180 ’

185 1250 331 1291 sertim
362 1247 451 1289 duo
485 1249 587 1298 sint,
626 1259 736 1302 quae
771 1247 853 1287 sibi
881 1246 1079 1286 nocuisse
1109 1251 1239 1301 poeta
1269 1239 1399 1286 dicat:
1432 1245 1590 1287 adesse
1619 1247 1734 1287 enim
1763 1246 1821 1286 ait
1850 1252 2099 1287 amatorem
2128 1253 2170 1288 et
2196 1248 2348 1290 venire

185 1317 232 1358 z'n
262 1317 446 1358 exitium
475 1313 635 1356 lenam.
693 1312 780 1355 Sed
811 1327 888 1354 cur
917 1312 1020 1354 haec
1055 1319 1139 1354 tam
1177 1311 1393 1354 incondite
1428 1312 1572 1355 fundit
1609 1320 1650 1356 et
1686 1315 1882 1369 proiicit?
1939 1307 2046 1356 Non
2076 1317 2184 1357 enim
2214 1315 2344 1358 credo

185 1383 387 1425 Dissenio
427 1381 673 1432 affirmanti,
718 1380 826 1422 haec
862 1381 999 1436 primo
1044 1386 1218 1436 aspectu
1256 1379 1382 1422 nobis
1416 1380 1560 1422 videri
1603 1395 1733 1438 posse
1774 1380 1975 1438 abrupta3
2018 1395 2106 1424 non
2153 1384 2345 1439 potuisse

185 1457 338 1508 poetae
368 1457 461 1492 toto
492 1451 631 1491 animo
661 1451 864 1491 iacturam
890 1450 1101 1504 cogitanti.
1150 1449 1255 1490 Tam
1276 1454 1487 1490 commota
1516 1448 1600 1491 hoc
1628 1449 1727 1491 loco
1757 1463 1846 1491 nou
1877 1457 1940 1491 est
1970 1452 2126 1493 oratio:
2156 1458 2197 1493 et
2225 1450 2343 1494 aliud

186 1524 301 1560 certe
339 1524 402 1559 est
437 1515 578 1559 oratio
619 1517 890 1558 commotior:
938 1515 1054 1557 aliud
1089 1515 1249 1557 inculta
1288 1522 1330 1557 et
1368 1515 1562 1570 abrupta.
1619 1516 1729 1571 Age,
1768 1530 1856 1557 rem
1895 1517 1978 1572 ipsi
2014 1517 2344 1560 consideremus.

185 1586 341 1637 Poeta,
378 1584 552 1635 mulier,
591 1585 748 1639 inquit,
786 1583 1011 1625 discedens
1046 1597 1113 1625 me
1147 1583 1348 1625 devotum
1369 1583 1483 1625 -dixit
1520 1589 1560 1624 et
1596 1589 1719 1637 putet
1757 1589 1798 1624 et
1834 1590 1980 1625 narret
2014 1585 2123 1625 scire
2156 1584 2346 1628 nefanda

187 1667 335 1695 meam.
394 1652 459 1694 Ac
488 1651 674 1694 devovet
705 1663 826 1700 sane,
852 1657 1131 1692 veruntamen
1157 1650 1242 1691 hoc
1267 1648 1366 1690 facit
1394 1661 1484 1690 non
1514 1647 1793 1698 carminibus,
1823 1648 1898 1690 sed
1927 1655 2178 1691 venustate·
2220 1650 2345 1693 Hanc

132 1708 141 1766 2'
187 1719 407 1763 describit:
441 1721 486 1760 in
526 1733 576 1760 ea
613 1701 887 1765 discribenda
921 1716 1089 1760 calescit
1118 1719 1299 1758 animus:
1336 1730 1421 1758 nec.
1451 1723 1591 1758 tamen
1627 1715 1854 1758 immodice
1891 1715 2063 1762 colores
2099 1706 2341 1774 profundit,

127 1809 129 1817 2
188 1788 269 1831 sed
295 1795 343 1830 ut
370 1787 562 1844 prudens
587 1792 716 1842 poeta
744 1788 926 1827 animum
957 1787 1195 1841 comprimit
1225 1790 1267 1826 et
1293 1798 1380 1826 una
1411 1797 1547 1841 eaque
1567 1785 1812 1827 suavissima
1838 1785 2018 1840 imagine
2043 1798 2189 1827 omnes
2220 1796 2343 1829 carae

187 1856 359 1914 puellae
395 1869 575 1897 veneres
614 1854 940 1910 comprehensas
979 1861 1077 1897 ante
1108 1852 1261 1895 oculos
1304 1852 1532 1908 legentium
1570 1853 1703 1907 ponit.
1763 1851 1994 1907 Comparat
2029 1850 2343 1907 puellamcum

187 1925 370 1968 Thetide
408 1924 461 1966 ad
497 1922 671 1965 Peleum
711 1921 913 1979 delphino
949 1928 1084 1963 vecta.
1145 1920 1271 1975 Quae
1306 1921 1443 1976 imago
1479 1932 1569 1961 non
1613 1933 1663 1960 ex
1696 1918 1788 1960 altis
1828 1918 2066 1960 fabularum
2101 1915 2343 1963 recessibus

186 1994 393 2050 repetita,
427 1991 503 2033 sed
535 1990 732 2033 omnibus
761 1990 945 2032 indoctis
977 1996 1103 2044 atque
1133 1988 1271 2031 doctis
1301 1988 1488 2044 cognita,
1528 1988 1602 2042 qui
1633 1986 1806 2028 tandem
1834 1988 1878 2028 in
1916 1983 2247 2042 supervacaneis·
2272 1997 2343 2030 ov-

189 2063 396 2105 namentis
423 2060 642 2102 numerari·
666 2060 825 2114 possit?
855 2057 966 2110 (vid.
982 2056 1157 2112 ,G-rupp.
1180 2055 1207 2097 l.
1223 2055 1291 2108 1.).
1327 2056 1384 2097 At
1413 2054 1520 2096 male
1547 2061 1611 2096 est
1637 2056 1795 2110 posita3
1826 2054 2088 2110 interpellat,
2114 2053 2342 2111 quominus

189 2132 331 2174 omnia
367 2124 462 2184 apte
493 2128 760 2170 cohaereant.
787 2128 789 2133 ⁴
822 2127 880 2168 At
911 2125 1037 2167 facile
1057 2123 1349 2180 conglutinari
1378 2128 1577 2179 possunt,
1607 2124 1642 2163 si
1673 2121 1892 2164 scribitur:
1922 2122 2195 2164 Devovevsset
2221 2121 2341 2164 ssavis

187 2203 334 2240 nostra
372 2195 514 2251 puella
556 2196 706 2236 comis:
743 2192 898 2248 Qualis
933 2192 987 2234 ad
1017 2193 1320 2244 Haemonium,
1360 2198 1516 2233 cetera.
1555 2189 1700 2247 qualis
1730 2187 2088 2248 quemadmodum
2117 2188 2343 2245 depravari

188 2280 213 2306 a
242 2263 426 2306 librariis
455 2264 663 2318 potuerit,
701 2275 792 2303 non
827 2259 1003 2301 difficile
1039 2266 1103 2302 est
1128 2258 1361 2315 dispicere,
1418 2259 1517 2301 Hoc
1544 2256 1675 2299 modo
1713 2258 1794 2300 hae
1825 2258 2032 2300 orationis
2067 2260 2209 2313 partes
2234 2268 2341 2298 con-

186 2325 712 2386 te'xuntur:⁷quamqua111'
734 2331 771 2387 si
809 2331 877 2370 cui
914 2327 1122 2385 placuerit
1154 2327 1262 2368 haec
1299 2324 1430 2368 verb'a
1467 2332 1668 2381 tanquam
1706 2338 1784 2380 per
1816 2323 2092 2381 parenthesin
2129 2322 2242 2366 dicta
2266 2336 2340 2370 ac-

191 2403 353 2457 cipere,
385 2412 463 2454 ego
493 2395 1010 2453 nonacrim-pugnabo.
1055 2395 1224 2449 Verum
1247 2407 1557 2450 persequamur
1586 2398 1738 2434 cetera.
1781 2392 1930 2448 Itaque
1954 2392 2163 2434 concessit
2190 2396 2341 2447 poeta,

191 2479 318 2524 posse
338 2465 509 2507 Deliam
539 2464 776 2506 devovere:
807 2462 995 2506 'devovet
1019 2469 1159 2504 autem
1186 2461 1287 2504 dixit
1315 2464 1531 2503 universe:
1561 2466 1651 2502 tum
1680 2459 1816 2510 addit,
1846 2458 1890 2501 id
1917 2458 2104 2515 puellam
2131 2466 2342 2500 noncav-

190 2534 394 2585 minibus,
426 2530 504 2574 sed
536 2532 699 2574 formae
727 2533 986 2588 praestantia
1013 2530 1168 2572 facere.
1228 2529 1365 2585 Quod
1394 2531 1430 2571 si
1448 2532 1575 2588 ‘nunc
1604 2529 1794 2571 dicturus
1824 2534 1931 2579 erat,
1972 2532 2066 2569 non
2092 2525 2221 2576 haee,
2250 2523 2341 2567 ‘sed

124 2587 135 2630 Ῑ
184 2607 372 2645 >amator
394 2606 442 2642 et
469 2597 706 2642 lenamzihz·
731 2605 1002 2649 nocuerunt,
1030 2597 1216 2640 debebat
1244 2597 1449 2640 scribere:
1485 2597 1556 2639 At
1579 2610 1774 2638 nocuere
1801 2594 1922 2647 mihi,
1953 2592 2078 2652 quod
2104 2591 2234 2635 adest
2257 2595 2341 2653 ⁶³¹2

194 2670 307 2712 Tum
336 2681 442 2710 vero
476 2666 670 2723 displicet
699 2666 822 2708 etiam
852 2665 1097 2721 asyndeton
1124 2667 1244 2707 venit
1271 2666 1318 2706 in
1346 2666 1540 2706 exitium.
1586 2665 1672 2706 lam
1703 2665 1921 2719 Heynius,
1951 2659 2225 2717 intelligenda
2256 2665 2341 2712 est,

193 2739 350 2794 inquit,
385 2737 431 2777 in
461 2733 596 2777 altero
625 2747 756 2775 versu
797 2732 1079 2776 connectendi
1108 2732 1332 2789 particula,
1376 2733 1457 2773 nisi
1485 2731 1604 2774 malis
1633 2731 1869 2788 Ayrmanni
1897 2731 2183 2771 coniecturam
2212 2737 2342 2792 repo·
2404 2735 2408 2738 “

193 2818 316 2847 nere:
345 2803 476 2844 Venit
502 2807 544 2843 et
574 2802 763 2852 exitium,
795 2800 949 2842 callida
979 2799 1096 2850 lena,
1129 2813 1278 2841 meum.
1327 2800 1448 2840 Haec
1476 2799 1601 2841 huius
1629 2793 1713 2840 loci
1743 2798 1924 2840 offensio
1953 2798 2020 2847 iis,
2056 2795 2342 2850 quaeDissae

194 2874 291 2915 nius
323 2871 592 2926 excogitavit,
623 2868 937 2912 rnon'tolliturss
975 2866 1189 2924 Equidem
1221 2866 1341 2910 haec
1359 2873 1468 2924 puto
1497 2860 1852 2908 referendum‘·ad
1876 2872 1950 2916 ea,
1978 2862 2144 2919 *quibus
2166 2860 2339 2903 Deliam

197 2941 301 2983 dixit
327 2952 460 2995 posse·
484 2938 735 2980 *devoveres*
772 2938 912 2989 Haec,
945 2938 1026 2988 ait,
1054 2935 1137 2978 sibi
1165 2931 1378 2987 nocuisse,
1414 2931 1496 2977 nec
1522 2942 1662 2977 tamen
1687 2926 1818 2990 ipsa,
1839 2926 1915 2975 sed
1940 2928 2068 2988 'synod
2096 2925 2340 2984 vel-quoad
