2462 3112
1208 114 1271 153 ‘V

158 229 856 290 Quidumv-›ao‘molestumesu
887 230 1096 271 sementia
1125 226 1316 284 postulat
1343 229 1565 270 sustinuit.
1597 227 1696 269 Nec
1725 227 1876 280 credo,
1906 229 2017 272 hanc
2034 243 2206 273 manum
2235 243 2349 288 esse-

165 298 592 354 ‘eikaunion-tasse
612 304 693 340 &aut
722 298 885 340 nomini
914 298 1100 353 parentis
1128 295 1316 338 additum
1349 303 1439 338 erat
1470 295 1687 351 epitheton
1715 296 1850 338 simile
1874 297 2090 353 quoddam
2115 297 2198 342 illis
2228 299 2331 343 vir-

163 367 615 427 §tinnio-*longaevus
634 398 647 416 ,
691 372 842 408 aetate
866 366 1059 419 fessus,
1100 367 1391 420 scriptumque
1427 371 1586 421 raptos
1619 366 1916 422 sustinuitque
1953 366 2072 409 lares
2101 373 2176 409 aut
2209 366 2332 413 aliud

94 488 98 491 ,
161 436 346 481 *nubum
368 437 583 492 positum,
611 434 727 477 unde
755 436 1018 477 sustinuisse
1046 432 1266 490 penderet.
1325 432 1547 489 Quicquid
1579 440 1659 483 est,
1689 432 1798 475 illud
1829 447 1919 476 non
1947 438 2191 490 negaveris,
2221 435 2330 479 haec

163 503 390 549 eiusmodi
410 507 522 554 esse,
564 518 613 546 ex
643 502 799 559 quibus
831 502 1109 558 intelligatur,
1152 501 1340 544 ultimam
1374 502 1473 543 huic
1512 505 1706 554 carmini,
1745 511 1791 546 ut
1825 517 1919 546 cum
1951 503 2115 547 ovidio
2152 504 2329 562 loquat,

158 572 309 624 limum
343 572 542 615 defuisse.
601 572 821 627 Scriptura
859 577 1018 628 raptos
1056 579 1096 613 et
1132 585 1179 612 re
1217 577 1261 612 et
1297 569 1464 625 Virgilii
1501 570 1644 612 verbis
1682 571 1742 623 (1.
1776 572 1884 614 Aen.
1914 572 2027 625 378)
2066 572 2122 615 ab
2152 563 2328 630 Heynio

134 640 303 693 ,allatis
330 640 536 683 fimatur.
555 640 752 696 ›.«Captos
782 639 905 682 lares
938 640 1108 681 Aeneas
1135 641 1218 696 piis
1246 637 1448 680 manibus
1477 641 1609 690 (Aen.
1637 639 1723 690 111,
1755 640 1837 692 43)
1867 647 2016 683 tenere
2047 655 2138 685 non
2166 643 2327 698 potuit,

157 709 246 752 ted
273 723 384 765 quos
414 708 610 752 hostibus
642 716 684 750 et
712 708 889 750 flammis
923 710 1161 764 eripuisset.
1225 708 1327 749 Post
1356 721 1504 753 vocem
1533 707 1653 750 lares
1683 710 1817 750 maius
1847 709 2135 766 distinguendi
2164 711 2330 766 signum

159 777 415 835 ponendum
455 784 531 820 est.
589 777 688 819 :Nec
726 779 863 826 enim,
905 784 952 818 ut
987 783 1104 818 recte
1140 775 1344 817 viderunt
1383 777 1666 831 interpretes,
1707 776 1917 820 credebat
1957 794 2051 820 cum
2088 785 2330 837 postquam

159 846 428 904 iungendum
460 853 536 888 est.
595 846 641 887 Si
672 848 814 887 onmia
851 859 949 886 sana
985 852 1085 886 sunt
1104 878 1114 892 ‚
1153 859 1236 886 nec
1265 852 1386 886 sonat
1416 845 1504 886 fere
1533 859 1616 888 nee
1652 852 1800 888 tamen
1833 846 1973 898 (doch
2002 847 2118 889 nicht
2153 845 2329 903 glaubte

162 916 251 966 οῖ’).
310 914 531 970 Scriptura
571 913 682 956 haec
721 913 834 955 haud
869 913 1011 958 ‚dubie
1045 911 1317 956 librariorum
1357 928 1505 955 errore
1543 922 1639 956 nata
1681 915 1906 957 Heinsium
1943 917 2102 967 movit,
2140 923 2188 958 ut
2225 929 2328 959 con-

155 985 309 1026 iiceret
337 981 563 1041 prodebat
592 997 648 1024 sc.
679 981 878 1038 Sibylla„
920 980 1042 1023 Nihil
1081 981 1213 1024 dicam
1246 981 1309 1024 de.
1331 982 1610 1037 imperfecto:
1656 991 1697 1025 at
1727 983 1830 1040 quid
1861 983 1937 1026 fiat
1968 991 2088 1035 octo,
2120 998 2231 1040 quae
2259 999 2328 1027 se-

158 1058 372 1108 quuntur,
403 1051 618 1093 distichis?
649 1051 762 1093 Nam
788 1050 982 1106 Sibyllae
1010 1052 1255 1092 vaticinatio
1286 1051 1396 1092 infra
1428 1066 1451 1092 a
1483 1066 1614 1093 versu
1643 1052 1812 1094 demum
1841 1054 2056 1094 tricesimo
2089 1054 2328 1109 exponitur.

157 1144 217 1157 —
251 1135 291 1163 v,
325 1121 417 1163 23.Ἰ
452 1119 674 1163 Romulus
707 1126 921 1161 aeternae
947 1117 1147 1162 nondum
1174 1118 1447 1172 firmaverat
1479 1119 1599 1162 urbis
1628 1120 1816 1163 ,Moenia
1846 1123 2048 1164 consorti
2083 1136 2176 1163 non
2205 1120 2328 1165 habi-

156 1188 304 1232 tanda
332 1189 490 1232 Remo.
535 1189 723 1231 Moenia
753 1190 895 1244 poetis
926 1189 1122 1244 usurpari
1149 1202 1230 1243 pro
1262 1190 1353 1244 ipsa
1386 1188 1517 1239 urbe,
1548 1197 1716 1231 constat
1747 1189 1858 1240 (vid.
1889 1189 2113 1246 Forbiger.
2142 1189 2195 1232 ad
2226 1191 2328 1232 Vir-

158 1257 230 1314 git.
262 1259 372 1300 Axon.
401 1257 628 1310 11‚›v234.).
667 1259 765 1299 Hoc
793 1257 912 1308 loco,
943 1272 1038 1299 cum
1069 1257 1226 1299 dictum
1253 1259 1307 1298 sit
1337 1263 1548 1298 aeternae
1575 1256 1695 1299 urbis
1726 1260 1924 1309 moenia,
1954 1259 2038 1300 hoc
2066 1258 2326 1302 vocabulum

155 1328 245 1368 vim
269 1341 394 1373 suam
421 1334 560 1369 tenetz
591 1326 710 1382 quod
733 1340 839 1368 vero
869 1325 1059 1368 additum
1093 1333 1156 1367 est
1185 1324 1450 1376 habitanda,
1481 1341 1628 1368 rursus
1659 1326 1853 1368 aedificia
1879 1327 1948 1369 vel
1973 1326 2123 1369 urbem
2154 1334 2326 1383 spectat.

158 1395 259 1438 Nec
279 1409 403 1447 vero,
429 1409 527 1436 eum
549 1395 664 1436 aliud
686 1397 740 1436 sit
763 1397 936 1436 moenia
959 1393 1079 1436 urbis
1097 1392 1310 1447 firmare,
1342 1393 1457 1435 aliud
1481 1394 1632 1436 urbem
1653 1395 1882 1438 moenibus
1890 1395 2104 1450 firmare,
2127 1395 2326 1447 deerant,

156 1466 235 1520 qui
266 1463 425 1505 fossam
458 1470 501 1505 et
529 1462 698 1504 vallum.
716 1461 814 1504 urbi
846 1461 1148 1504 circumdatum
1178 1461 1485 1517 intelligerent:
1526 1463 1630 1505 haec
1661 1466 1771 1505 enim
1801 1466 2058 1507 munimenta
2090 1479 2180 1506 esse
2210 1478 2327 1507 moe-

153 1534 294 1574 nium:
324 1530 540 1587 lapideum
561 1546 727 1573 murum
759 1531 869 1584 (vid.
896 1531 988 1573 Liv.
1019 1530 1059 1580 Ι,
1089 1531 1174 1582 36)
1206 1538 1304 1586 post
1324 1530 1554 1573 Romulum
1586 1540 1844 1575 exstructum
1869 1547 1963 1575 esse
1994 1535 2011 1585 (
2022 1533 2134 1575 conf.
2155 1533 2324 1575 Dissen-

154 1599 352 1650 ad2h.l.);
381 1601 442 1641 At
458 1601 626 1642 moenia
657 1599 849 1641 nondum
880 1591 1054 1642 condita
1085 1602 1158 1656 qui
1190 1598 1359 1642 tandem
1391 1600 1503 1642 fossa
1525 1608 1566 1642 et
1590 1600 1706 1642 vallo
1738 1600 1990 1644 firmentur?
2025 1603 2188 1644 Verum
2220 1608 2324 1644 esto.

155 1666 419 1719 Flor.1>‚.l:
449 1667 504 1709 ad
533 1667 706 1709 tutelam
738 1667 857 1709 urbis
887 1667 1043 1710 vallum
1076 1668 1277 1710 sufficere
1307 1668 1545 1711 videbatur.
1594 1669 1742 1711 Nolim
1775 1677 1917 1712 tamen
1948 1677 2172 1725 poetarum
2203 1669 2325 1712 fabu-

154 1735 222 1778 tas
259 1735 313 1778 ad
351 1735 479 1778 fidem
518 1736 721 1778 historiae
758 1743 991 1778 revocatas.
1050 1736 1184 1778 Poeta
1223 1735 1424 1778 Tibullus
1464 1744 1553 1785 est,
1590 1750 1680 1779 non
1719 1737 1956 1780 historicus.
2015 1737 2162 1780 Multo
2200 1740 2324 1780 etiam

155 1806 298 1846 minus
326 1803 590 1846 Broukhusii
621 1812 663 1846 et
696 1803 848 1860 Vulpii
878 1807 1172 1859 interpretatio
1200 1804 1352 1860 placet.
1408 1806 1470 1846 Ut
1501 1806 1610 1846 enim
1643 1808 1790 1847 animo
1822 1804 1992 1863 aliquid
2009 1805 2227 1859 sot-mare
2254 1806 2326 1850 vel

154 1871 411 1925 irfforwiare
441 1871 750 1931 latine-dicitur
779 1887 859 1928 pro
891 1875 1127 1930 imaginem
1159 1873 1345 1915 alieuius
1368 1875 1432 1915 rei
1453 1876 1600 1916 animo
1629 1877 1911 1930 praecipere,
1938 1877 1997 1916 ita
2027 1874 2197 1931 aliquid
2213 1874 2326 1928 for—

154 1954 287 1982 mare
316 1939 737 1996 hae-significatione
765 1955 854 1982 non
886 1940 1052 1982 (licitur.
1114 1942 1379 1997 Neutiqnam
1416 1950 1555 1984 autem
1587 1941 1752 1984 locutio
1784 1945 1958 1985 moenia
1977 1942 2195 1996 formare
2224 1957 2323 1986 con·

153 2008 258 2051 ferri
286 2015 428 2064 potest
463 2023 557 2050 cum
588 2007 732 2050 verbis
763 2009 960 2063 Virgilii,
991 2024 1101 2066 quae
1129 2012 1236 2052 Aen.
1266 2010 1342 2059 lx,
1373 2010 1440 2051 80.
1473 2011 1683 2067 leguntur.
1713 2011 1773 2054 ibi
1805 2014 1913 2055 enim
1941 2013 2112 2054 Aeneas
2147 2014 2326 2070 pineam

152 2077 313 2120 silvam
341 2077 395 2119 ad
427 2077 602 2119 formam
634 2079 753 2119 navis
784 2081 985 2120 struxisse
1016 2078 1181 2120 dicitur.
1226 2081 1368 2135 Atque
1397 2080 1501 2121 haec
1531 2080 1586 2122 de
1616 2083 1826 2136 scriptura
1847 2081 2152 2134 formaverat.
2187 2080 2323 2136 Quod

153 2146 361 2189 Muretus
395 2144 513 2186 dedit
532 2144 846 2197 fundaverat.
876 2161 956 2201 per
985 2161 1030 2189 se
1060 2146 1242 2202 probum
1277 2155 1351 2189 est.
1383 2147 1534 2204 virgil.
1574 2150 1679 2190 Aen.
1707 2149 1814 2190 260:
1854 2152 2041 2191 Aeneam
2073 2149 2323 2191 fundantem

153 2228 287 2256 arces.
317 2215 372 2255 At
395 2216 569 2256 moenia
585 2213 858 2267 firmaverat
890 2216 1164 2258 omnimodo
1195 2217 1467 2258 retinendum
1502 2224 1584 2258 est:
1617 2225 1770 2275 ornate
1799 2217 1956 2259 dictum
1986 2225 2050 2260 est
2079 2232 2159 2273 pro
2177 2216 2322 2271 firma

153 2284 332 2325 moenia
359 2280 637 2324 condiderat.
671 2283 867 2338 Propert.
899 2284 981 2334 111,
1019 2285 1066 2331 9³,
1103 2285 1176 2326 50:
1217 2292 1258 2326 et
1288 2299 1413 2327 caeso
1443 2288 1612 2328 moenia
1643 2286 1765 2328 firma
1797 2287 1948 2329 Remo.
1981 2285 2112 2329 Ovid.
2142 2285 2322 2329 Heroid.

153 2349 280 2401 XVI,
315 2350 414 2391 179:
444 2350 696 2406 firmataque
728 2351 916 2394 turribus
946 2355 1112 2395 moenia
1145 2354 1361 2406 (Troiae)
1383 2378 1437 2385 ——-
1469 2369 1658 2397 consors
1690 2363 1730 2397 et
1761 2355 1976 2398 bonorum
2004 2357 2322 2411 possessionem

151 2418 276 2471 (Cic.
309 2419 434 2460 Verr.
466 2418 546 2469 111,
585 2420 661 2460 23:
695 2436 791 2462 cum
826 2436 876 2463 ex
908 2424 1015 2476 agris
1047 2428 1133 2463 tres
1171 2421 1323 2463 fratres
1359 2432 1580 2465 consortes
1620 2424 1957 2481 profugissent),
1996 2431 2037 2465 et
2067 2438 2198 2479 genus
2230 2425 2323 2468 sive

117 2499 122 2504 '
153 2488 398 2542 sanguinem
421 2494 601 2542 spectat:
632 2488 909 2544 quamobrem
941 2492 1082 2545 poetis
1112 2493 1234 2532 etiam
1266 2491 1417 2532 fratres
1450 2499 1491 2533 et
1523 2506 1695 2533 sorores
1719 2498 1955 2534 consortes
1978 2492 2189 2534 dicuntur.
2218 2490 2320 2535 Vid.

156 2553 318 2610 Gierig.
347 2555 402 2597 ad
433 2555 560 2597 Ovid.
584 2556 754 2599 Metam.
777 2560 855 2609 Xl,
887 2560 984 2602 346.
1016 2559 1219 2602 Ceterum
1251 2559 1412 2601 confer.
1449 2559 1579 2602 Ovid.
1610 2561 1723 2602 Fast.
1760 2561 1841 2610 lV,
1871 2560 1954 2600 811
1985 2575 2076 2615 sqq.
2107 2583 2164 2590 --
2192 2575 2230 2601 v,
2250 2559 2319 2602 29.

152 2625 262 2679 vagi
297 2626 506 2680 pastoris.
546 2624 749 2680 Sophocl.
780 2625 893 2668 Oed.
924 2629 977 2669 R.
1008 2643 1046 2669 V.
1078 2628 1201 2669 1022.
1240 2626 1407 2682 ποιμὴν
1435 2627 1521 2682 γάρ
1551 2620 1677 2682 ’ἦσξῖα
1711 2627 1820 2670 xcix),
1856 2627 2012 2681 ἐν’ῐιτεὶᾳ
2047 2626 2229 2681 πλάνης.
2262 2651 2320 2660 -

153 2705 197 2733 v.
217 2690 287 2732 31.
315 2689 488 2735 Fistula
510 2695 581 2735 cui
609 2708 795 2751 semper.
827 2695 1191 2738 Mitscherlichius
1212 2696 1295 2738 hoc
1325 2695 1538 2739 distichon
1559 2697 1828 2739 subdititium
1860 2696 2042 2739 iudicat:
2075 2702 2320 2751 suspectum

154 2765 226 2801 est.
252 2759 376 2800 etiam
409 2758 608 2816 Gruppio
646 2764 713 2818 (p.
751 2764 845 2815 76).
895 2764 1122 2806 Dissenius
1154 2772 1323 2815 contra,
1362 2768 1568 2815 suaviter,
1607 2768 1764 2821 iuquit,
1800 2773 1992 2807 moratur
2020 2771 2174 2820 poetae
2204 2765 2319 2821 cogi·

153 2827 259 2869 tatio
298 2827 341 2867 in
379 2827 639 2882 simplicitate
678 2832 858 2872 istorum
896 2839 1146 2888 temporum.
1202 2832 1446 2875 Huschkius
1482 2849 1610 2875 voces
1648 2841 1867 2889 suspectas
1903 2847 2078 2889 semper
2108 2839 2149 2874 et
2179 2846 2319 2890 usque

153 2893 392 2936 defendere
426 2903 605 2938 conatus
647 2905 722 2940 est.
778 2899 990 2955 Equidem
1026 2901 1316 2943 hexametrum
1356 2908 1518 2944 tantum
1555 2916 1644 2944 non
1675 2901 1900 2943 molestum
1931 2900 2063 2952 duco,
2100 2908 2337 2957 pentamev·

153 2970 268 3005 trum
293 2970 434 3005 autem
466 2970 547 3006 tam
578 2967 770 3008 ieiunum
804 2980 895 3009 esse
922 2967 1071 3020 video,
1101 2977 1147 3011 ut
1178 2969 1321 3011 facere
1351 2983 1440 3013 non
1471 2973 1648 3026 possim,
1679 2973 1783 3027 quin
1805 2970 2005 3027 Gruppio
2036 2970 2317 3022 consentiam,
