2462 3112
1199 142 1255 201 „11

166 255 296 299 docet
323 253 567 296 Huschkius
601 253 655 295 ad
684 253 724 297 h.
752 252 782 296 l.
812 277 869 285 —
916 267 955 295 v.
984 253 1052 295 23.
1107 253 1225 295 Libri
1255 256 1436 297 variant:
1472 258 1515 297 in
1545 255 1635 298 aliis
1664 256 1818 312 legitur
1844 272 2058 313 suspensa
2083 257 2211 311 focis
2238 245 2305 302 in-

163 324 312 382 signia
338 322 500 364 sacris:
530 323 575 363 in
605 319 696 363 aliis
725 335 939 378 suspensa
968 323 1110 364 sacris
1139 322 1330 379 insignia
1360 320 1501 364 donis.
1539 322 1741 381 Insignia
1770 323 2062 380 intelliguntur
2093 324 2304 377 donaria,

168 405 304 447 quae,
341 396 388 432 ut
413 392 493 431 iam
522 391 686 431 monuit
714 389 935 445 Heynius,
963 403 1051 430 non
1079 391 1123 430 in
1152 388 1258 431 locis
1286 390 1481 444 privatis,
1511 389 1585 432 sed
1613 392 1656 432 in
1683 391 1790 433 fanis
1815 391 2095 447 ponebantur.
2153 393 2304 450 ltaque

166 471 249 501 nec
267 457 395 512 focis
431 471 511 498 nec
549 456 679 500 donis
720 456 943 512 legendum
976 463 1048 499 est.
1107 456 1242 511 Quod
1270 456 1468 497 Heinsius
1497 459 1679 499 coniecit
1717 458 1849 500 tholis
1879 460 2018 511 (conf.
2050 461 2166 516 Virg.
2196 462 2305 504 Aen.

166 526 248 576 lx,
276 525 382 566 «1062
412 523 527 566 dona
557 556 592 567 ..
610 556 619 566 .
650 524 908 580 suspendive
937 523 1109 576 tholo),
1140 531 1204 566 est
1231 522 1337 564 haec
1365 524 1608 566 coniectura
1638 525 1762 567 docta
1791 526 1978 580 quidem,
2005 526 2140 570 multo
2166 535 2303 570 tamen

168 599 236 636 est
260 591 547 649 probabilius,
565 591 698 645 fanis
727 593 926 647 scriptum
952 606 1045 633 esse
1071 606 1095 632 a
1116 590 1310 632 Tibullo:
1341 593 1482 632 tritum
1513 599 1575 633 est
1601 591 1706 634 illud
1738 600 1779 635 et
1807 594 2005 636 usitatum
2034 594 2303 638 vocabulum

168 659 227 702 de
263 660 449 716 epitheto
486 661 628 701 sacris
664 659 824 702 confer.
865 659 1034 700 Lucret.
1061 659 1122 709 V,
1163 659 1237 699 75:
1274 666 1418 700 sancta
1450 667 1596 701 tuetur
1713 660 1823 702 fana.
1850 684 1906 691 --
1938 675 1977 703 τ.
1996 661 2065 704 29.
2108 662 2194 705 Ha:
2218 661 2304 721 rdqt

168 729 387 770 avaritiae
417 741 578 769 causas
606 732 651 768 et
684 726 776 768 Coa
803 726 963 783 puellis
993 729 1128 768 vestis
1156 732 1201 768 et
1229 741 1254 768 e
1293 726 1427 768 rubro
1459 726 1605 769 lucida
1636 727 1805 770 concha
1841 730 1963 770 mari.
2003 728 2131 772 Haec
2144 729 2306 782 fecem

166 795 323 838 malas.
367 795 503 836 Recte
530 795 725 849 Heynius
757 801 798 835 et
826 807 976 835 vocem
1007 808 1168 836 causas
1198 801 1239 835 et
1266 808 1502 850 pronomen
1532 794 1601 837 hic
1630 798 1926 851 interpretatus
1958 803 2033 838 est.
2070 797 2180 839 Nam
2209 807 2305 841 tm

165 864 289 905 ritiae
327 876 511 906 caussas
549 860 628 903 dat
667 868 791 903 sonat
825 861 909 903 hoc
945 861 1044 903 loco
1081 867 1242 904 auctor
1271 868 1340 903 est
1368 861 1439 902 vel
1458 860 1601 915 facit,
1638 869 1685 904 ut
1720 861 1887 916 puellae
1915 877 2068 905 avarae
2105 865 2218 907 εἰκῆ»
2233 861 2304 910 hie

167 938 308 973 autem
347 937 411 971 est
444 931 506 980 is,
542 930 616 984 qui
647 943 767 969 usum
799 927 986 984 lapidum
1019 935 1061 970 ct
1090 942 1306 984 purpurae
1335 929 1457 971 affert
1486 931 1575 971 sive
1606 933 1678 986 qui
1708 929 1808 986 legit
1837 930 2080 986 smaragdos
2108 938 2150 972 et
2185 931 2306 987 tingi

166 999 328 1040 murice
359 1011 491 1039 ovem.
538 997 670 1037 Poeta
695 1009 774 1051 pro
806 1010 879 1047 eo,
914 998 988 1051 qui
1019 995 1112 1038 Coa
1141 1003 1259 1037 veste
1291 1004 1331 1038 et
1360 997 1532 1038 conchis
1559 996 1728 1052 puellas
1757 1004 1914 1053 captat,
1940 999 2032 1053 ipsa
2061 1005 2305 1043 ornamenta

165 1068 323 1122 posuit.
363 1065 434 1106 Sic
462 1077 647 1120 persona
674 1063 803 1105 rebus
834 1065 1121 1119 componitur:
1153 1066 1227 1119 qui
1255 1063 1463 1119 loquendi
1481 1065 1633 1106 modus
1664 1067 1742 1107 etsi
1772 1073 1833 1107 est
1861 1064 2005 1120 paullo
2034 1065 2304 1116 insolentior,

165 1141 309 1175 tamen
337 1147 419 1174 nec
447 1146 584 1174 novus
613 1138 677 1173 est
703 1139 744 1174 et
774 1131 827 1173 ad
857 1139 1012 1188 poetae
1041 1133 1222 1173 animum
1239 1164 1248 1179 ‚
1288 1147 1375 1188 quo
1406 1140 1506 1174 tunc
1535 1140 1624 1174 erat
1653 1132 1848 1183 affectus,
1877 1133 2226 1183 accommodatus,
2247 1154 2302 1170 --·

165 1201 238 1242 De
266 1202 380 1241 varia
409 1202 614 1255 scriptura
644 1215 672 1241 a
700 1198 836 1241 rubro
865 1199 1126 1254 supersedeo
1158 1198 1319 1241 dicere:
1350 1199 1534 1241 conchae
1564 1199 1815 1255 legebantur
1843 1215 1867 1242 e
1897 1202 2013 1242 mari.
2061 1201 2150 1244 Res
2177 1202 2305 1256 igitur

168 1266 297 1309 dubia
328 1282 418 1309 esse
447 1281 536 1309 uon
563 1273 716 1322 potest.
761 1266 854 1308 Vid.
881 1266 1069 1308 Huschk.
1098 1266 1152 1308 ad
1180 1266 1220 1308 h.
1244 1266 1271 1308 l.
1294 1291 1346 1300 —
1373 1282 1410 1309 V.
1431 1268 1499 1310 34.
1528 1270 1623 1324 ipsa
1645 1270 1789 1319 canis,
1816 1275 1863 1310 ut
1890 1268 2043 1324 legitur
2062 1270 2107 1314 in
2130 1268 2304 1325 quihus-

167 1335 262 1378 dam
291 1334 434 1385 libris,
473 1334 577 1375 nihil
608 1333 737 1376 habet
767 1334 1041 1376 offensionis:
1079 1341 1121 1375 at
1152 1341 1265 1375 caret
1295 1335 1398 1375 haec
1427 1337 1632 1390 scriptura
1662 1335 1818 1377 idonea
1849 1338 2111 1379 auctoritate.
2164 1336 2302 1392 Quam

164 1416 272 1444 vero
307 1403 504 1458 Heynius
544 1401 644 1443 dicit
685 1409 905 1457 poetarum
947 1402 1225 1457 elegantiam,
1270 1417 1318 1443 ea
1358 1402 1552 1457 profecto
1591 1410 1654 1444 est
1691 1405 1992 1445 commenticia.
2031 1403 2141 1446 conf.
2172 1403 2302 1464 Ouid.

165 1470 257 1510 Art.
286 1476 404 1510 amat.
435 1469 493 1518 ll,
524 1469 619 1510 574.
649 1468 805 1510 remed.
836 1484 913 1510 am.
943 1469 1039 1510 422.
1070 1493 1124 1499 —
1161 1483 1201 1511 V.
1231 1470 1299 1512 36.
1346 1469 1484 1522 Quale
1513 1469 1676 1512 honum
1706 1470 1853 1513 multis
1882 1471 2033 1513 attulit
2059 1471 2135 1513 ille
2163 1473 2302 1517 malis.

165 1536 261 1579 Itali
288 1536 500 1579 dederunt
529 1535 703 1578 addidit
733 1544 774 1578 et
801 1535 988 1578 abdidit:
1029 1551 1211 1592 quorum
1241 1536 1415 1579 alterum
1447 1538 1645 1593 Heynius
1676 1538 1782 1580 vidit
1819 1540 2006 1593 ineptum
2041 1553 2160 1589 esse,
2202 1539 2302 1585 alte-

166 1619 261 1646 rum
302 1618 390 1646 non
429 1603 628 1660 probavit
662 1604 819 1654 modo,
859 1604 934 1646 sed
974 1607 1137 1661 recepit
1173 1607 1309 1646 etiam.
1369 1605 1569 1660 idemque
1607 1609 1738 1648 sensit
1767 1606 2022 1648 Huschkius.
2081 1606 2302 1648 Dissenius

165 1685 256 1713 non
286 1673 444 1727 recepit
473 1671 645 1727 quidem
674 1671 806 1722 illud,
847 1678 887 1713 at
918 1671 1135 1727 praeclare
1170 1675 1388 1714 inventum
1426 1673 1538 1715 dicit.
1577 1687 1671 1714 nam
1712 1676 1755 1715 in
1795 1674 1946 1716 dolore
1985 1680 2058 1715 aut
2093 1687 2301 1716 sarcasmo

165 1740 463 1782 similitudines
500 1754 703 1782 sonorum
734 1739 932 1781 acerbum
960 1740 1173 1795 quoddam
1204 1754 1384 1781 acumen
1416 1740 1588 1783 habere.
1641 1741 1773 1796 Quod
1802 1744 1879 1783 etsi
1907 1756 2007 1783 vere
2037 1741 2192 1784 dictum
2222 1749 2303 1792 est,

167 1807 246 1860 (cf.
276 1808 398 1849 Dein.
425 1822 504 1863 pro
535 1822 622 1849 cor.
643 1808 741 1849 280.
770 1806 833 1849 δ’τι
862 1806 1017 1862 φεύγει
1044 1806 1134 1863 μὲν
1160 1806 1236 1857 τοὶς
1265 1806 1373 1856 ἰδίας
1401 1807 1649 1862 προφάσεις,
1677 1808 1734 1856 εἷς
1764 1807 1805 1850 δὲ
1833 1807 1909 1856 τὰς
1933 1805 2304 1863 Ἀμφικτυωηκοὶς

165 1874 480 1930 καταφεύγει),
517 1882 658 1917 tamen
695 1875 800 1917 haec
835 1878 913 1917 viri
950 1876 1066 1917 docti
1105 1878 1216 1918 ratio
1257 1891 1322 1917 me
1359 1890 1447 1918 non
1487 1884 1656 1927 movet,
1704 1883 1751 1918 ut
1792 1876 1992 1918 Italorum
2028 1878 2302 1919 coniecturae

164 1944 414 1998 scripturam
445 1943 594 1985 attulit
626 1942 913 1998 posthabeam.
969 1942 1193 1985 Delectum
1222 1946 1365 1999 potius
1402 1943 1485 1985 hoc
1522 1958 1615 1985 esse
1653 1943 1830 1986 verbum
1866 1951 1998 2000 puto,
2032 1943 2154 1999 quod
2183 1943 2301 1987 mala

163 2011 252 2051 ista
279 2009 420 2051 multa
448 2011 492 2051 in
522 2011 661 2052 animo
691 2012 834 2052 insunt
863 2010 1029 2066 puellae
1060 2025 1230 2052 avarae:
1261 2018 1374 2052 recte
1404 2013 1529 2065 igitur
1558 2014 1798 2066 oppositum
1831 2019 1895 2053 est
1921 2011 2088 2054 attulit:
2119 2010 2302 2058 afferun-

165 2083 236 2118 tur
265 2079 399 2127 enim,
438 2091 548 2132 quae
577 2080 835 2119 extrinsecus
868 2080 1060 2119 veniunt:
1102 2078 1338 2120 cuiusmodi
1376 2079 1509 2120 forma
1553 2086 1615 2120 est
1646 2093 1669 2119 a
1701 2078 1784 2120 deo
1817 2093 1967 2120 avarae
1996 2077 2165 2134 puellae
2192 2077 2300 2119 data.

164 2144 389 2186 Praeterea
408 2144 571 2196 forma
605 2152 694 2187 erat
727 2144 887 2187 donum
925 2145 1102 2200 aliquod
1135 2145 1230 2187 dei:
1270 2146 1383 2188 dona
1420 2153 1559 2187 autem
1592 2153 1632 2187 et
1666 2146 1887 2187 commoda
1915 2159 2051 2200 aeque
2082 2152 2214 2199 atque:
2238 2146 2302 2186 in-

165 2211 387 2253 commoda
416 2211 683 2264 afferuntur
711 2215 873 2268 potius,
904 2227 1027 2268 quam
1058 2212 1297 2255 adduntur.
1325 2236 1377 2245 ·——
1408 2229 1446 2256 V.
1474 2214 1542 2255 37.
1580 2213 1695 2256 Hinc
1713 2214 1857 2264 fletus
1887 2215 2097 2268 rixaeque
2120 2217 2301 2254 sona-nt.

163 2279 213 2321 In
247 2281 390 2335 paucis
420 2278 539 2320 libris
569 2279 678 2322 ordo
708 2278 940 2321 verborum
969 2289 1149 2323 mutatus
1181 2288 1253 2323 est.
1311 2284 1451 2336 Atque
1469 2281 1614 2331 fletus
1644 2279 1749 2321 alius
1781 2287 1841 2322 est
1871 2281 2046 2329 tacitus,
2075 2278 2180 2320 alius
2206 2290 2299 2322 cum

162 2345 335 2402 ploratu
367 2361 416 2388 ac
437 2348 636 2388 conviciis
667 2348 937 2388 coniunctus:
966 2349 1000 2388 is
1031 2355 1144 2389 certe
1173 2354 1306 2390 sonat
1325 2348 1462 2400 (conf.
1483 2347 1631 2403 Virgil.
1653 2348 1759 2389 Aen.
1781 2346 1860 2397 XI,
1889 2346 1961 2388 61:
1988 2346 2096 2388 haec
2123 2345 2197 2388 ubi
2222 2345 2299 2387 de-

163 2413 282 2456 flevit
312 2415 431 2466 cet.):
459 2420 733 2455 veruntamen
759 2421 945 2455 amantes
977 2415 1134 2456 exclusi
1152 2416 1274 2466 flere
1301 2418 1419 2470 prius
1449 2415 1604 2465 solent,
1636 2429 1759 2469 quam
1789 2416 1949 2456 rixari:
1984 2415 2182 2469 quocirca
2207 2410 2299 2457 ›vul-

165 2487 299 2535 gatam
331 2484 580 2536 scripturam
612 2481 798 2523 obtineri
829 2490 1010 2537 oportet.
1038 2507 1083 2513 —
1106 2499 1146 2525 v,
1168 2484 1235 2524 38.
1264 2481 1374 2525 haec
1404 2481 1589 2539 denique
1618 2497 1753 2524 causa
1773 2481 1913 2534 fecit,
1944 2487 1993 2522 ut
2019 2479 2200 2533 infamis
2227 2477 2299 2521 hic

164 2545 274 2590 deus
303 2555 418 2590 esset
446 2549 608 2590 Amor.
665 2550 796 2591 Varia
831 2551 1036 2605 scriptura
1067 2557 1130 2591 est
1157 2549 1283 2592 hinc:
1323 2565 1371 2591 ex
1403 2564 1489 2606 quo
1517 2549 1812 2591 Broukhusius
1840 2548 2007 2591 refinxit
2035 2561 2177 2589 nunc:
2213 2560 2299 2602 qua

165 2615 460 2659 emendatione
488 2615 711 2658 tolleretur
731 2617 854 2659 simul
876 2619 1020 2659 vitium
1047 2617 1282 2672 productae
1312 2618 1506 2674 syllabae
1525 2618 1679 2660 brevis.
1709 2619 1836 2668 Sunt,
1867 2618 1939 2672 qui
1969 2614 2174 2657 eiusmodi
2198 2628 2298 2670 pro-

162 2681 406 2724 ductionem
443 2683 677 2726 defendant
706 2685 777 2726 vel
815 2693 1016 2727 excusent
1047 2684 1173 2737 (vide
1204 2686 1390 2728 Huschk.
1421 2686 1474 2728 ad
1506 2686 1543 2728 h.
1575 2686 1601 2728 l.
1631 2693 1673 2727 et
1701 2688 1931 2739 interprett.
1962 2682 2016 2724 ad
2042 2683 2081 2731 Ι,
2120 2682 2166 2732 4,
2195 2681 2296 2732 44);

163 2757 228 2792 est
255 2758 395 2792 tamen
422 2757 513 2792 tota
548 2766 615 2793 res
653 2751 878 2794 admodum
913 2752 1042 2794 dubia
1072 2760 1113 2794 et
1142 2755 1314 2794 incerta.
1374 2753 1572 2794 Heinsius
1612 2753 1794 2794 coniecit
1828 2749 2008 2803 infamis
2044 2750 2141 2799 sic,
2176 2746 2298 2803 quod

161 2816 323 2872 placuit
350 2819 509 2860 Vossio
542 2825 584 2860 et
612 2818 784 2862 Bachio.
840 2821 899 2861 At
926 2822 1018 2861 iure
1047 2820 1272 2861 Dissenius
1303 2820 1525 2862 dissensit:
1564 2826 1627 2861 est
1657 2820 1764 2860 enim
1797 2819 1860 2860 sic
1888 2816 1994 2858 male
2033 2815 2296 2858 collocatum.

164 2883 283 2939 Quid
312 2892 451 2926 autem
479 2885 555 2927 fiat
583 2888 836 2942 pronomine
865 2886 965 2929 hic?
996 2887 1121 2942 Quos
1150 2887 1269 2929 locos
1295 2886 1672 2936 Wundeflichius,
1703 2883 1945 2926 Huschkius
1977 2890 2019 2926 et
2048 2881 2298 2936 Golberyus

162 2951 411 3004 attulerunt,
441 2953 545 2995 nihil
574 2956 748 2996 omnino
776 2955 860 2996 huc
887 2957 1109 3011 pertinent.
1138 2955 1360 2997 Dissenius
1388 2953 1458 2997 hic
1487 2955 1730 3016 oppositum
1759 2951 1852 2993 vult
1878 2952 1944 2996 illi
1971 2952 1996 2992 i.
2021 2963 2057 2991 e.
2086 2949 2191 3000 deo,
2221 2948 2295 3002 qui
