2462 3112
1140 115 1258 190 XL*

142 258 260 300 dives
280 255 352 297 ille
375 261 537 297 amator
557 253 834 309 compellatus
857 253 928 304 sit,
951 252 1078 295 valde
1101 251 1299 308 displicet
1319 251 1459 305 (conf.
1484 252 1612 294 etiam
1630 249 1797 307 Grupp.
1820 250 1847 293 l.
1868 250 1939 304 l.):
1971 266 2161 295 caussam
2176 264 2306 304 vvero,

144 338 221 365 cur
241 335 399 365 nomen
417 321 575 362 Bacchi
596 322 821 376 repetitum
844 321 915 369 sit,
945 319 1070 361 facile
1090 320 1332 375 perspicias.
1378 318 1458 360 Est
1479 321 1590 361 enim
1608 317 1803 360 Bacchus
1827 316 2010 360 laetitiae
2032 325 2204 370 auctor,
2234 319 2311 376 qui

145 388 222 431 ubi
252 387 389 438 adest,
419 394 466 428 ut
495 386 707 429 Goethius
736 386 858 437 dicit,
888 386 1040 428 Venus
1069 385 1186 428 illico
1215 384 1502 441 subsequitur.
1524 407 1578 417 —
1607 398 1648 426 V.
1670 384 1738 426 65.
1767 383 1965 428 tristibus
1991 388 2127 444 agris.
2158 387 2310 429 tristes

146 457 230 498 hoc
257 455 355 497 loco
388 453 599 510 explicare
626 453 726 496 licet
748 467 820 495 wo
851 466 948 494 man
978 459 1220 495 versauert:
1251 453 1487 508 opponitur
1516 464 1715 507 agrorum
1741 452 1906 494 tristitia
1937 451 2024 494 luci
2054 451 2190 495 urbis:
2221 458 2312 496 sto·

146 523 357 565 machanti
385 521 546 563 scilicet
573 527 726 576 poetae
755 521 896 562 tristes
926 522 1015 575 agri
1043 519 1245 563 videntur
1273 527 1314 561 et
1339 518 1568 569 dicuntur,
1609 519 1684 573 qui
1711 517 1840 560 iidem
1859 551 1870 569 ,
1906 521 1942 561 si
1971 521 2010 562 ei
2040 522 2164 576 copia
2195 525 2311 562 esset

148 589 356 632 visendae
386 587 556 645 puellae
573 620 584 637 ‚
619 587 718 629 laeti
748 602 797 629 ac
825 590 932 643 grati
960 587 1113 629 forent.
1144 609 1200 617 —
1229 601 1269 628 v,
1296 585 1362 627 75.
1406 584 1534 640 Quae
1562 584 1792 626 hexametri
1821 587 2030 627 sententia
2064 585 2221 636 fuerit,
2259 599 2312 628 ex

148 663 416 714 pentametro
444 654 718 711 intelligitur:
756 653 889 697 verba
918 653 1081 696 Tibulli
1118 667 1244 695 nemo
1276 654 1522 695 coniectura
1551 657 1825 707 assequatur:
1864 653 2088 707 opiniones
2118 654 2308 695 virorum

150 725 377 767 doctorum
407 724 621 766 recensuit
640 722 884 765 Huschkius
915 721 969 764 ad
991 721 1030 762 h.
1052 720 1079 762 l.
1132 719 1251 762 Idem
1272 718 1478 776 Scaligeri
1507 719 1794 761 coniecturam
1823 719 1952 775 copia
1979 717 2106 760 nulla
2132 715 2312 762 videndi

150 791 388 835 rationibus
418 797 482 832 sat
507 790 678 832 idoneis
703 789 913 831 refutavit.
950 787 1026 830 sed
1055 801 1125 830 res
1156 794 1219 829 est
1247 786 1490 829 manifesta:
1531 786 1734 841 quoniam
1763 791 1892 841 poeta
1921 799 2016 827 cum
2044 783 2187 840 puella
2215 798 2310 828 esse

151 874 241 903 non
277 864 475 915 poterat,
517 856 693 899 videndi
732 871 823 899 eam
863 855 945 898 sibi
981 854 1194 897 interdum
1234 852 1331 896 fieri
1369 858 1622 909 potestatem
1659 852 1774 906 cupit
1813 866 1862 893 ac
1897 856 2128 907 propterea
2168 846 2310 901 animo

154 927 208 970 ad
239 925 510 970 tolerandum
540 926 756 967 servitium
786 930 957 981 promto
988 937 1038 965 ac
1066 928 1216 978 parato
1241 935 1292 963 se
1325 919 1422 963 duci
1452 917 1584 962 iubet.
1615 941 1668 950 —

163 2215 463 2263 Corrigenda.
511 2216 595 2261 Pag.
621 2216 655 2249 V
679 2214 702 2249 l.
728 2215 751 2251 9
773 2227 838 2262 pro
866 2224 905 2250 tu
929 2215 1006 2261 lege
1031 2223 1104 2250 tua.
1153 2215 1239 2260 Pag.
1264 2213 1349 2248 XXI
1373 2212 1455 2248 infr.
1481 2211 1504 2246 l.
1527 2211 1550 2246 6
1573 2223 1639 2258 pro
1663 2217 1782 2257 potest
1805 2208 1882 2256 lege
1902 2215 2038 2253 potest.
