2462 3112
1149 128 1336 170 mxw

169 246 279 291 illud
319 258 418 288 cum
449 246 669 300 genitivo,
705 243 929 286 utvvateat
965 257 1139 296 cesses,
1183 243 1371 287 desistas
1409 243 1503 288 hae
1531 245 1836 304 intempestiva
1862 249 1963 299 via,
2001 235 2313 304 quisstuddeatt

170 314 387 370 Equidem‘
415 315 709 369 interpungam
746 318 845 368 post
883 314 1083 369 quiescas
1101 346 1115 364 ,
1154 320 1203 355 ut
1229 326 1343 355 nova
1380 316 1585 356 sententia
1615 317 1790 371 incipiat
1826 331 1849 357 a
1887 329 1997 359 voce
2018 316 2314 360 ‘Nummium

172 391 311 425 tamen
341 383 504 424 nonin
531 380 727 423 omnibus
754 380 873 422 libris
901 380 1074 436 legitur,
1105 380 1179 423 sed
1213 383 1257 423 in
1282 382 1515 423 >Parisiensi
1545 389 1585 424 et
1603 378 1887 429 Vindohsest‘
1912 398 2021 435 neu,
2051 383 2314 435 in‘Colbub

173 449 261 493 heu
290 449 416 501 (vide
446 448 633 491 Huschk.
663 447 717 490 ad
746 449 784 491 h.
813 447 873 501 1.).
909 447 1067 490 Verbis
1094 456 1231 490 autem
1259 462 1392 506 saepe
1417 450 1798 507 propinquequid‘
1821 451 1986 506 ’quaeso
2014 451 2117 495 fiet?
2157 450 2316 502 otim

173 518 237 561 dit
272 519 491 559 vocativus
522 518 799 574 propinque,
837 531 931 557 cum
971 515 1115 572 paullo
1154 531 1278 573 supra
1313 513 1443 559 idem⁴
1464 528 1614 568 casus,
1639 516 1881 568 studiose,
1917 521 2175 575 positusfsit.
2204 520 2310 573 sed,

171 584 302 628 modo
346 583 568 627 commode
610 584 713 626 haec
756 583 953 639 explicari
995 585 1187 639 possint,
1225 585 1327 626 nihil
1370 585 1629 627 morabimur
1672 586 1851 628 alterum
1890 588 2016 629 istum
2037 590 2311 630 ‘vocativum

172 655 278 695 mira
306 660 445 695 tamen
483 652 558 694 illa
588 658 825 694 commenta
863 666 1086 707 novaeque
1116 652 1347 694 verborum
1387 652 1756 709 interpretationes
1794 668 1882 696 non
1920 652 2122 710 placenta
2157 655 2310 698 Preme

173 722 347 776 vestigia
375 721 632 775 scripturae,
660 720 837 761 fortasse
867 733 988 760 erues
1020 734 1151 761 saeve
1177 722 1442 777 propinque:
1473 721 1576 762 nihil
1605 719 1794 777 amplius.
1851 724 1998 779 Apage
2027 725 2132 764 istas·
2157 725 2315 780 11119101,

173 787 315 843 Lego:
355 788 460 829 Non
490 789 793 842 tempestivae,
831 801 939 842 quae
965 787 1117 842 procul
1147 787 1274 838 urbe,
1301 791 1406 830 viae.
1463 790 1680 832 Audacius
1699 823 1709 841 ,
1748 792 1926 846 inquies.
1983 790 2101 846 Ergo
2132 789 2313 847 tuipse

171 856 298 908 vide,
329 864 431 898 num
465 856 567 912 quid
601 855 749 898 melius
783 858 1006 910 excogites.
1063 855 1201 896 Fruar
1234 858 1404 898 invento
1443 864 1519 899 tuo
1558 865 1599 899 et
1633 857 1835 900 laetabor.
1871 881 1924 890 —
1960 863 2000 900 ν’.
2029 859 2068 901 9.
2105 857 2314 903 Arbitrio

173 927 394 982 quoniam.
429 925 611 980 Vulgata
642 931 706 966 est
744 923 942 975 arbitrii,
982 924 1099 980 quod
1140 924 1257 966 dedit
1286 925 1485 966 Heinsius
1523 923 1577 967 de
1610 928 1863 969 coniectura.
1922 927 2099 982 Legitur
2124 926 2244 969 idem}-
2266 929 2312 970 in

172 1006 262 1035 uno
292 993 453 1035 Italico.
511 993 631 1034 Haec
658 999 799 1034 tamen
829 995 917 1034 sive
946 995 1154 1048 scriptura
1182 1000 1243 1034 est
1272 995 1360 1035 sive
1390 996 1662 1045 coniectura,
1699 993 1752 1035 ab
1783 994 2007 1036 Huschkie
2027 994 2313 1047 convellitur,

178 1063 263 1102 cui
275 1062 486 1102 consentit
514 1061 749 1102 Dissenius.
776 1061 866 1102 Pro
894 1063 1101 1117 quoniam
1131 1063 1173 1101 in
1204 1060 1294 1101 aliis
1324 1059 1441 1102 libris
1472 1069 1534 1103 est
1562 1064 1768 1118 quamvis.
1807 1062 1965 1104 Statius
1993 1060 2201 1118 reposuit:
2230 1065 2314 1105 Asa

173 1125 302 1170 bitrio
344 1130 532 1184 quamvis
569 1142 657 1170 non
687 1130 783 1170 sinit
812 1143 904 1170 esse
934 1143 1043 1170 meo.
1092 1130 1149 1170 At
1178 1131 1271 1169 iure
1299 1130 1378 1169 viri
1408 1129 1523 1170 docti
1551 1130 1656 1171 haec
1683 1132 1935 1173 reiecerunt.
1978 1129 2199 1173 Arbitrio
2211 1140 2311 1174 meo

175 1200 271 1239 esse
301 1196 458 1238 dictum
490 1203 570 1247 est,
602 1203 648 1237 ut
679 1195 767 1239 Cic.
796 1196 975 1252 Epistol.
1006 1195 1059 1237 ad
1087 1197 1171 1238 Att.
1202 1197 1264 1246 V,
1301 1197 1374 1246 14,
1405 1197 1442 1238 2.
1472 1211 1623 1254 magno
1652 1200 1804 1239 timore
1832 1213 1936 1240 sum.
1970 1219 2023 1231 ·—
2053 1197 2312 1242 C.1X.1n-

173 1266 406 1320 scriptione
444 1264 568 1305 huius
606 1266 799 1305 carminis
831 1264 954 1315 (vide
983 1265 1125 1319 Heyn.
1166 1271 1208 1306 et
1238 1263 1425 1306 Huschk.
1454 1265 1506 1306 ad
1537 1265 1575 1307 h.
1605 1265 1660 1318 l.)
1689 1265 1851 1308 inducti
1878 1280 1967 1308 non
1997 1263 2199 1318 deerant,
2219 1267 2313 1323 qui

174 1332 254 1374 hos
283 1332 503 1374 codicillos
533 1347 555 1372 a
585 1331 772 1387 Sulpicia
801 1332 854 1374 ad
887 1331 1134 1374 Cerinthum
1166 1332 1287 1373 datos
1317 1334 1602 1387 opinarentur.
1660 1333 1708 1374 In
1737 1333 1894 1388 quibus
1924 1341 1986 1376 est
2016 1337 2137 1376 etiam
2164 1335 2312 1391 Grup'-

175 1401 290 1455 pius:
321 1401 394 1455 qui
422 1414 515 1441 cum
543 1400 735 1450 vidisset,
766 1413 857 1441 esse
883 1399 1061 1441 eundem
1084 1399 1264 1441 natalem
1284 1399 1484 1455 idemque
1507 1401 1609 1452 iter,
1639 1400 1693 1442 de
1721 1416 1807 1456 quo
1837 1401 1982 1457 paullo
2011 1416 2138 1459 supra
2165 1409 2313 1459 questa

176 1474 288 1509 esset
324 1467 490 1522 puella,
528 1474 714 1523 utroque
750 1467 849 1509 loco
881 1468 1073 1510 Cerinthi
1111 1468 1292 1510 natalem
1321 1468 1404 1510 dici
1431 1470 1586 1511 statuit.
1635 1468 1766 1524 Quod
1805 1471 1840 1511 si
1879 1469 2015 1512 altero
2050 1467 2316 1527 111-0111111111,εὲι

173 1534 325 1579 natalis
359 1536 490 1589 ipsius
519 1534 692 1589 puellae
726 1534 808 1576 dici
836 1535 1080 1585 videretur,
1118 1535 1164 1576 id
1194 1535 1474 1577 excusandum
1504 1544 1623 1578 esse:
1666 1551 1763 1578 nam
1802 1552 1825 1579 a
1847 1532 2180 1580 *muliere-'haec
2217 1540 2313 1582 esse*

175 1604 350 1657 scripta,
381 1603 448 1642 cui
482 1602 586 1643 haec
611 1603 733 1642 venia
766 1601 905 1643 danda
938 1609 1064 1653 esset,
1095 1609 1142 1643 ut
1170 1617 1248 1644 suo
1280 1603 1448 1646 dicendi
1479 1618 1632 1659 genere
1663 1611 1866 1647 uteretur.
1915 1607 2033 1648 Haec
2060 1619 2166 1648 vem
2196 1604 2317 1648 doctr

176 1671 435 1725 'viriopinio
472 1680 614 1725 neque
650 1670 747 1711 satis
786 1676 848 1711 est
886 1670 1129 1711 confirmata
1167 1677 1207 1712 et
1243 1676 1471 1711 occurrunt
1499 1671 1601 1720 alia,
1642 1684 1749 1724 quae
1777 1682 1844 1711 me
1878 1679 2102 1723 moveant,
2141 1679 2193 1714 ut*
2214 1673 2315 1715 Dis-

177 1739 296 1779 senio
335 1739 616 1787 consentiam,
662 1739 736 1792 qui
759 1736 828 1778 ab
869 1741 1001 1779 amico
1033 1738 1228 1779 Cerinthi
1265 1738 1371 1778 haec
1405 1739 1557 1793 scripta
1596 1751 1689 1778 esse
1730 1740 1942 1780 existimat.
1979 1763 2030 1769 -
2090 1740 2138 1783 In
2174 1742 2317 1796 primo

176 1819 303 1847 versu
342 1811 457 1847 recte
485 1806 666 1847 Vossius
705 1805 989 1859 interrogandi
1031 1806 1193 1859 signum
1232 1807 1385 1860 posuit.
1443 1805 1491 1844 ln
1532 1804 1663 1846 altero
1704 1819 1829 1846 versu
1869 1805 2056 1861 Scaliger
2091 1805 2193 1862 legit
2224 1807 2318 1851 iam-

177 1873 279 1916 licet
306 1887 401 1915 esse
436 1878 535 1923 tuo,
566 1879 613 1914 ut
643 1879 706 1914 est
734 1875 777 1914 in
808 1872 956 1914 codice
988 1872 1134 1915 Cuiac.
1178 1873 1225 1913 In
1255 1871 1374 1913 libris
1412 1871 1533 1913 editis
1563 1873 1776 1928 reperitur
1805 1872 1917 1914 fere:
1953 1887 2045 1915 non
2077 1876 2192 1917 sinit·
2215 1888 2313 1919 esse

177 1948 270 1984 tuo.
307 1955 401 1983 non
437 1947 547 1982 stare
576 1954 665 1982 non
703 1952 858 1996 posse,
897 1946 1082 1996 apparet.
1139 1939 1234 1982 Itali
1270 1939 1483 1981 dederunt
1511 1953 1652 1990 nunc,
1690 1940 1888 1995 equidem
1918 1936 2316 1999 mallem‘seriptum‘

175 2023 300 2051 nam,
349 2008 399 2049 ln
435 2010 579 2064 paucis
616 2008 735 2050 libris
768 2009 919 2065 legitur
954 2011 1079 2050 sinet.
1122 2007 1311 2049 futurum
1349 2009 1451 2062 quin
1489 2010 1622 2063 possit
1652 2007 1844 2059 defendi,
1883 2009 1996 2051 haud
2027 2009 2315 2054 dubiumese

176 2089 380 2132 praesens
409 2082 549 2118 tamen
578 2075 712 2117 multo
744 2083 808 2117 est
837 2077 985 2131 aptius.
1035 2075 1329 2116 Broukhusius
1361 2088 1454 2115 cum
1485 2077 1679 2130 opinatus
1712 2082 1838 2127 esset,
1873 2077 1977 2118 haec
2003 2075 2058 2119 ad
2085 2078 2313 2124 Messalam

175 2145 313 2200 ipsum
344 2142 488 2194 scribi,
518 2143 703 2184 refinxit:
741 2145 829 2185 iam
855 2146 972 2185 sinis.
1021 2143 1262 2185 Huschkius
1301 2150 1437 2185 autem
1475 2150 1619 2193 ratus,
1658 2143 1872 2199 Sulpiciae
1904 2144 2079 2187 natalem
2099 2143 2315 2203 intelligi,¹

177 2213 349 2267 scripsit·
373 2220 482 2253 meo.
527 2211 735 2267 Equidem
765 2226 894 2253 unum
924 2211 1029 2253 illud
1060 2211 1241 2267 probum
1274 2226 1323 2252 ac
1352 2225 1497 2253 sanum
1527 2210 1659 2262 duco,
1690 2211 1818 2266 quod
1838 2224 1887 2252 ex
1916 2211 2057 2254 Aldin.
2087 2213 2319 2256 Disaenius-

176 2272 379 2330 restituit,
407 2293 502 2321 suo.
549 2277 748 2322 Ceterum
776 2293 870 2320 cum
901 2280 1094 2320 carminis
1131 2280 1268 2320 octavi
1303 2286 1485 2320 extremo
1522 2280 1566 2320 in
1594 2292 1723 2321 versu
1757 2279 1918 2335 legatur
1952 2293 2046 2322 non
2081 2283 2315 2327 ‚sinisesse

177 2361 300 2399 meo,
328 2361 418 2388 non
446 2349 602 2389 temere
631 2346 895 2402 repudianda
927 2349 1005 2388 erit
1034 2348 1240 2402 scriptura
1269 2348 1356 2388 iam
1377 2348 1482 2388 sinit
1504 2346 1591 2389 scil.
1622 2346 1827 2398 Messala,
1856 2354 1984 2403 atque
2010 2350 2068 2390 ita
2087 2345 2313 2392 Wunderu

179 2411 331 2457 lichius
361 2416 468 2456 haec
494 2417 791 2470 interpretatus
822 2421 894 2456 est.
941 2416 997 2456 At
1026 2430 1129 2457 vero
1160 2417 1195 2456 si
1224 2429 1351 2470 supra
1376 2412 1634 2456 accusativus
1663 2429 1732 2456 me
1759 2428 1847 2456 non
1878 2414 2109 2458 admodum
2133 2416 2313 2471 requiri·

177 2489 267 2534 tur,
298 2483 381 2524 hoc
406 2482 505 2525 loco
534 2489 580 2524 ut
601 2489 838 2538 pronomen
867 2496 956 2524 non
986 2485 1041 2524 ita
1069 2483 1301 2533 desideres,
1330 2484 1513 2537 positum
1542 2489 1681 2523 tamen
1710 2482 1841 2524 malis.¹
1872 2483 2020 2536 Quid?
2046 2487 2081 2526 si
2108 2478 2309 2539 scriptam
2367 2480 2376 2483 ‘

178 2554 292 2593 erat:
320 2550 480 2593 Natali
508 2550 678 2592 Romae
702 2553 789 2592 iam
816 2552 920 2592 sinit
946 2565 1040 2592 esse
1071 2557 1204 2591 tuam.
1256 2550 1365 2605 Quis
1394 2552 1471 2591 iste
1503 2556 1638 2600 esset,
1669 2553 1742 2605 qui
1770 2552 1956 2601 sineret,
1992 2552 2185 2592 etiam-si
2220 2564 2311 2598 non

180 2613 577 2668 essetnominatus,
607 2620 704 2659 satis
734 2620 792 2669 ei,
824 2620 897 2673 qui
926 2617 1003 2659 hos
1034 2617 1254 2659 codicillos
1284 2619 1454 2672 accipit,
1492 2619 1702 2671 cognitum
1737 2624 1838 2659 erat.
1869 2635 1932 2648 —·
1951 2616 2001 2660 111
2030 2631 2156 2660 versu
2184 2621 2313 2661 tertio·

178 2687 231 2729 iis
248 2708 266 2737 ·,·
298 2688 372 2742 qui
401 2701 425 2727 a
452 2685 598 2742 puella
627 2686 732 2727 haec
756 2687 909 2742 scripta
938 2685 1195 2736 voluerunt,
1232 2685 1464 2727 offensioni
1491 2691 1580 2726 erat
1607 2699 1690 2727 vox
1720 2683 1945 2727 omnibmr.⁴
1977 2685 2035 2726 At
2061 2693 2176 2728 recte
2199 2685 2311 2728 -vidit

178 2754 402 2796 Dissenius
422 2786 433 2805 ,
472 2767 565 2795 esse
603 2767 676 2795 eos
714 2755 880 2795 amicos
913 2753 1117 2795 cerinthi.
1145 2771 1147 2773 ·
1176 2752 1301 2808 Quae
1337 2754 1463 2808 igitur
1497 2767 1580 2794 vox
1614 2745 1786 2808 Heynio
1820 2759 1871 2794 vet
1900 2752 2309 2810 Huschkiofrigene

178 2821 424 2872 videbatur,
455 2836 506 2863 ca
537 2822 699 2877 egregie
730 2820 931 2872 declarat,
962 2835 1044 2876 qua
1076 2823 1247 2862 caritate
1278 2834 1326 2861 ac
1349 2822 1483 2875 gratia
1513 2823 1632 2863 amici
1664 2815 1867 2863 Cerintho
1899 2817 2114 2863 coniuncti
2136 2821 2314 2864 fueis'mt.
2373 2823 2378 2829 '

181 2889 320 2944 Quod
344 2891 526 2931 Vossius
557 2903 605 2931 ex
633 2891 758 2930 unius
787 2888 888 2930 libri
915 2891 1100 2944 margine
1130 2887 1210 2944 pro
1240 2888 1403 2930 natalis
1430 2891 1623 2944 reposuit
1652 2881 1868 2945 genialis,
1903 2888 1950 2930 id
1978 2899 2092 2930 nunc
2121 2895 2311 2944 praetera-⁶

178 2960 346 3008 mitt03'
355 2970 424 2999 res
457 2958 565 2999 enim
595 2958 676 2999 iam
706 2955 899 2998 confecta
928 2963 990 2998 est
1017 2970 1041 2997 a
1069 2955 1282 2997 Dissenio.
1308 2977 1380 2986 -ν
1405 2954 1454 2997 111
1487 2962 1649 3011 quarto
1666 2968 1797 2997 versu
1821 2956 2018 3011 Heynius
2055 2966 2147 2996 cum
2173 2954 2313 3008 som
