2462 3112
1126 123 1312 163 XXXVI

151 241 371 296 Zumptius
402 239 575 295 quidem
606 242 764 297 iugero
796 240 1011 291 restituit,
1048 239 1180 296 idque
1209 242 1330 283 iure:
1371 240 1447 283 sed
1482 241 1636 282 iccirco
1670 253 1759 282 non
1792 242 1997 283 continno
2029 242 2316 286 reiiciendum'

149 310 229 351 erit
255 310 422 366 ingere.
460 309 691 349 Praeterea
714 307 940 349 Dissenius
966 307 1135 350 alteram
1157 309 1407 364 scripturam
1429 307 1670 364 aggreditur
1691 315 1732 350 et
1754 307 1807 350 ab
1828 308 2057 351 insolentia
2079 309 2313 354 locutionis-

147 378 307 433 iugera
338 389 420 417 ove
447 382 635 432 pascere
666 381 709 416 et
739 389 762 415 a
793 377 1031 417 sententiae
1052 377 1340 430 perversitate.
1367 376 1505 417 coemi
1536 376 1644 417 enim
1675 389 1697 416 a
1724 375 1981 432 praedatore
2007 391 2185 432 pascua,
2217 391 2311 421 non

148 450 197 484 ut
226 456 250 483 a
279 441 478 498 gregibus
510 441 819 497 depascantur,
849 441 925 483 sed
956 449 1002 484 ut
1032 441 1087 483 ali
1118 449 1159 483 et
1187 440 1336 484 haberi
1365 444 1529 497 possint
1555 456 1680 498 quam
1710 441 1913 498 plurimae
1943 457 2057 486 oves.
2109 443 2309 500 Heynius

151 509 329 552 alteram
359 511 631 564 scripturam,
660 509 780 550 cuius
808 510 971 551 numeri
1001 510 1082 565 ipsi
1111 508 1286 551 auribus
1316 510 1469 564 ingrati
1499 516 1661 560 essent,
1697 524 1843 552 errore
1877 509 2148 553 librariorum
2174 519 2307 554 satam

151 578 368 633 opinatur:
401 576 477 618 sed
499 576 610 618 idem
631 577 781 626 sensit,
811 589 939 631 posse
960 575 1067 618 illud
1085 575 1222 618 videri
1248 578 1494 632 exquisitius
1515 575 1683 619 dictum.
1728 577 1938 632 Equidem
1962 578 2101 620 fateor
2128 581 2310 636 scriptu-

147 659 237 687 ram
266 644 406 686 multo
437 647 713 686 innumeram
742 646 902 700 ingere
929 650 1090 699 pascat
1120 659 1273 694 ovem,
1312 657 1400 686 non
1432 657 1520 686 uno
1550 646 1726 686 nomine
1755 645 2067 688 commendari:
2105 646 2181 689 sed
2212 661 2308 690 cum

148 712 334 763 infra²5,
364 712 431 754 25.
462 725 617 753 vaccae
644 717 835 768 pascant
865 710 1048 754 herbosa
1078 710 1234 767 palatia
1264 713 1290 754 i.
1317 725 1352 752 e.
1384 709 1645 768 depascant:
1675 711 1719 754 id
1749 711 1922 767 quidem
1950 712 2131 755 concedi
2160 713 2319 766 debet,

152 793 243 821 non
277 779 517 821 dissimilem
553 793 644 821 esse
673 778 936 821 locutionem
965 781 1124 836 iugera
1155 793 1238 822 ove
1263 793 1453 835 pascere
1482 781 1506 820 i.
1539 792 1575 821 e.
1606 778 1832 821 abweiden
1861 779 2018 822 lassen:
2047 780 2166 823 velut
2194 781 2309 838 apud

152 848 380 889 Horatium
410 846 571 899 (Serm.
605 846 635 887 Ι.
670 848 717 896 5,
749 847 834 899 79.)
867 845 1029 889 doceat
1058 848 1243 902 positum
1275 854 1336 888 est
1365 860 1444 902 pro
1475 845 1705 888 docendos
1739 853 1875 889 curet.
1929 846 2179 890 Abhorrent
2206 861 2310 891 sane

150 913 258 956 haec
287 921 327 956 et
361 913 441 955 alia
471 913 713 956 huiusmodi
745 929 767 955 a
803 913 1115 956 consuetudine
1146 913 1352 969 loquendi
1384 921 1427 955 et
1457 913 1620 969 vulgari
1660 928 1855 956 sermone
1874 947 1885 965 ,
1921 916 2130 970 poeticam
2170 922 2308 958 tamen

155 981 439 1023 elocutionem
460 995 547 1023 non
573 980 796 1022 dedecent.
819 980 921 1035 quid
942 982 1075 1022 vero?
1104 982 1138 1023 si
1167 983 1262 1036 quis
1283 980 1461 1023 diceret:
1496 994 1543 1022 er
1563 981 1757 1022 wiinscht
1781 982 2109 1024 unermessliche
2123 982 2310 1026 Weide-

153 1049 293 1105 platze
320 1064 375 1090 zu
403 1048 615 1098 besitzen,
646 1063 715 1089 um
748 1050 808 1089 sie
839 1047 972 1089 durch
999 1050 1118 1090 seine
1148 1047 1399 1103 unzahligen
1422 1047 1622 1089 Heerden
1655 1047 1956 1099 abzuvveiden,
1984 1063 2127 1092 nonne
2156 1050 2310 1092 intelli-

155 1131 372 1173 geremus,
402 1116 454 1158 ad
486 1118 733 1157 innumeros
761 1130 908 1170 greges
931 1115 1110 1157 alendos
1134 1122 1292 1157 tantum
1314 1129 1571 1171 pascuorum
1593 1130 1686 1157 eum
1709 1115 1821 1157 velle
1842 1116 2074 1171 possidere.
2117 1117 2251 1172 Quod
2274 1119 2309 1160 si

155 1188 211 1227 ita
242 1192 324 1235 est,
355 1185 610 1226 Disseniana
643 1190 758 1224 certe
790 1184 898 1224 ratio
931 1196 1020 1224 nou
1052 1196 1102 1224 ea
1128 1190 1209 1233 est,
1241 1196 1351 1237 quae
1377 1184 1625 1238 scripturam
1647 1182 1830 1238 plurium
1860 1182 2065 1225 librorum
2095 1198 2310 1227 consensu

155 1250 363 1293 firmatam
393 1250 625 1292 subvertat.
669 1249 809 1305 Quid,
844 1249 963 1305 quod
994 1250 1099 1291 haec
1128 1252 1219 1306 ipsa
1249 1249 1477 1292 locutionis
1506 1249 1729 1292 insolentia
1760 1251 1969 1305 aptissima
1999 1259 2062 1293 est
2091 1251 2145 1294 ad
2173 1251 2311 1294 decla-

153 1318 327 1361 randam
354 1318 686 1373 indignationem
706 1351 715 1368 ,
746 1332 870 1373 quam
902 1315 1148 1358 insatiabilis
1179 1318 1352 1359 avaritia
1383 1318 1508 1359 huius
1538 1316 1803 1372 praedatoris
1833 1325 2002 1360 movet:
2029 1318 2151 1361 simili
2177 1319 2308 1362 modo

155 1385 283 1428 nobis
313 1385 454 1427 dicere
484 1384 611 1426 licet:
654 1383 730 1426 der
770 1384 888 1425 zehrt
926 1398 1005 1426 uns
1035 1386 1110 1426 mit
1139 1386 1289 1426 seinen
1323 1384 1463 1426 vielen
1494 1384 1681 1426 Pferden
1710 1385 1822 1426 noch
1860 1384 1945 1426 den
1975 1385 2130 1428 letzten
2158 1385 2310 1428 Haber

156 1453 240 1494 auf.
262 1476 315 1484 —
354 1468 391 1494 V.
414 1452 480 1494 43.
526 1452 603 1494 Cui
633 1451 745 1508 lapis
775 1458 989 1493 externus
1022 1465 1157 1493 curae
1184 1458 1251 1493 est
1281 1450 1487 1508 urbisque
1516 1451 1731 1493 tumultus
1759 1450 1978 1493 Por-tatur
2005 1451 2164 1496 validis
2191 1453 2312 1496 mille

158 1520 367 1564 columna
405 1521 533 1576 iugis.
599 1519 696 1568 Cui,
728 1526 774 1560 ut
805 1534 930 1574 saepe
959 1519 1023 1569 ὃς,
1052 1517 1166 1560 valet
1194 1533 1267 1569 er,
1294 1516 1405 1560 dem.
1437 1518 1538 1560 dicit
1571 1525 1707 1560 autem
1737 1519 2046 1574 praedatorem.
2085 1520 2198 1577 lapis
2231 1535 2311 1563 ex-

156 1594 311 1630 ternus
343 1594 406 1629 est
437 1586 632 1628 columna
654 1600 887 1627 marmorea
912 1585 1099 1637 (confer.
1122 1586 1270 1627 Horat.
1296 1586 1347 1627 ll.
1371 1586 1444 1636 18,
1472 1586 1500 1626 3
1519 1587 1619 1640 sq.),
1651 1600 1762 1640 quae
1788 1601 1865 1642 per
1888 1586 2038 1628 urbem
2059 1594 2181 1630 vecta
2208 1587 2311 1630 dici-

155 1661 225 1696 tur
254 1653 470 1696 tumultus
501 1652 640 1694 urbis:
681 1652 780 1693 vide
807 1653 941 1705 Tacit.
962 1651 1112 1693 Annal.
1140 1653 1169 1694 1.
1195 1652 1258 1693 75.
1291 1650 1437 1706 ibique
1467 1659 1651 1694 annotat.
1673 1653 1854 1694 Ernesti.
1887 1659 1927 1694 et
1959 1654 2066 1695 Plin.
2098 1654 2309 1711 Panegyr.

157 1722 208 1766 C.
230 1722 297 1764 51.
322 1745 365 1751 -
394 1720 512 1762 mille
541 1722 668 1777 iugis.
700 1721 908 1774 scriptura
931 1719 1071 1760 multa
1102 1719 1309 1761 columna
1339 1732 1416 1773 per
1443 1732 1487 1759 se
1518 1718 1633 1760 bona
1665 1734 1714 1760 ac
1743 1718 1899 1774 proba,
1932 1722 2132 1775 quoniam
2161 1721 2308 1777 paullo

156 1804 286 1844 supra
317 1788 473 1844 legitur
493 1787 633 1828 multa
664 1788 844 1843 iugera,
875 1786 993 1828 alteri
1024 1786 1145 1828 cedat
1171 1799 1344 1827 necesse
1371 1792 1444 1827 est.
1478 1785 1628 1827 Senec.
1651 1801 1716 1842 ep.
1739 1786 1826 1827 90.:
1855 1800 1937 1828 nec
1965 1789 2009 1828 in
2033 1787 2147 1830 hunc
2170 1803 2310 1840 usum,

155 1858 312 1912 inquit,
341 1858 466 1911 pinus
497 1862 570 1896 aut
596 1853 711 1895 abies
734 1852 1005 1896 deferebatur
1027 1853 1167 1910 longo
1190 1850 1492 1894 vehiculorum
1515 1851 1672 1894 ordine
1695 1860 1773 1894 eet.
1812 1852 1944 1908 Quod
1977 1861 2042 1896 est
2070 1857 2115 1897 in
2135 1855 2311 1912 quibus-

158 1924 255 1966 dam
284 1922 405 1965 libris
437 1921 618 1979 urbique
637 1954 650 1972 ‚
690 1922 767 1963 etsi
796 1935 883 1962 non
916 1934 1013 1962 raro
1045 1920 1211 1962 dativus
1240 1933 1319 1975 pro
1357 1921 1542 1974 genitivo
1582 1922 1780 1975 ponitur,
1818 1928 1956 1963 tamen
1993 1936 2090 1963 cum·
2123 1925 2312 1979 proxime

156 1993 341 2048 positum
369 1993 423 2032 sit
453 1992 543 2039 cui,
574 2003 662 2030 non
690 1990 820 2043 magis
850 1987 1006 2044 placet,
1038 2002 1163 2043 quam
1193 1989 1401 2042 scriptura
1432 1987 1647 2037 tumultu,
1677 1989 1749 2042 qui
1780 1987 1990 2030 ablativus
2022 1989 2193 2032 defendi
2218 1993 2312 2047 qui-

159 2059 254 2102 dem
274 2065 434 2114 potest,
465 2056 540 2098 sed
563 2055 697 2098 multo
720 2057 857 2096 minus
878 2057 1006 2110 viget,
1038 2069 1163 2110 quam
1183 2055 1481 2096 nominativus.
1510 2054 1588 2096 Est
1609 2062 1750 2096 autem
1772 2055 1988 2098 tumultus
2009 2055 2134 2099 docte
2154 2058 2311 2102 dictum

158 2139 238 2182 pro
270 2139 428 2167 caussa
461 2123 705 2165 tumultus:
737 2122 849 2164 valet
886 2122 974 2163 fere
1006 2121 1074 2164 die
1104 2121 1410 2176 Ruhestorung
1440 2120 1518 2162 der
1548 2120 1680 2163 Stadt.
1725 2120 1871 2163 audito
1910 2124 2104 2165 nimirum
2144 2124 2312 2182 fragore

160 2207 255 2234 cum
275 2193 359 2233 vici
380 2197 677 2246 quaterentur,
699 2204 777 2245 par
799 2196 909 2240 erat,
940 2191 1053 2231 cives
1075 2190 1293 2239 metuisse,
1322 2201 1377 2230 ne
1400 2187 1550 2230 domus
1571 2191 1675 2231 vicis
1698 2190 1959 2231 imminentes
1980 2189 2311 2236 collaberentur.

160 2259 366 2304 Ceterum
398 2260 467 2300 cui
499 2266 539 2299 et
576 2272 623 2298 ex
655 2256 799 2299 verbis
830 2271 966 2299 curae
995 2262 1069 2298 est*
1093 2263 1134 2298 et
1165 2271 1214 2298 ex
1243 2254 1381 2297 verbo
1410 2262 1624 2311 portatur
1654 2263 1794 2311 aptum
1830 2255 1957 2298 habet
1985 2257 2146 2313 aliquid
2176 2259 2312 2303 offen-

159 2328 290 2369 sionis
313 2325 453 2378 (conf,
476 2326 576 2366 Tac.
603 2325 710 2365 Hist.
734 2324 765 2365 l.
788 2324 855 2364 37.
882 2326 1024 2375 extr.),
1053 2338 1178 2379 quam
1201 2322 1326 2365 facile
1347 2325 1642 2373 summoveris,
1672 2325 1707 2364 si
1737 2338 1872 2366 curae
1901 2330 1969 2366 est
1997 2326 2039 2366 vi
2067 2325 2188 2368 verbi
2215 2341 2311 2383 pas-

159 2396 238 2436 sivi
269 2392 498 2448 explicaris.
523 2416 576 2422 —
608 2407 645 2433 V.
669 2393 734 2433 46.
767 2391 991 2448 Negligat
1018 2393 1150 2447 piscis·
1181 2389 1350 2432 adesse.
1397 2390 1546 2432 Horat.
1571 2391 1601 2433 Ι.
1627 2390 1676 2433 C.
1700 2390 1776 2442 28,
1806 2390 1894 2432 30.:
1923 2391 2098 2447 negligis
2121 2415 2174 2425 —
2198 2393 2311 2435 frau-

160 2461 256 2504 dem
279 2461 564 2503 committere?
595 2458 810 2514 Significat
841 2466 981 2500 autem
1009 2458 1240 2515 negligere
1270 2471 1406 2513 prope
1434 2457 1564 2508 idem,
1592 2456 1717 2512 quod
1739 2463 2022 2499 contemnere
2051 2459 2167 2510 (sich
2195 2460 2313 2502 nicht*

160 2529 308 2571 darum
333 2527 584 2577 kiimmern)
614 2526 732 2567 velut
753 2527 903 2567 Horat.
923 2525 1062 2581 Epod.
1087 2525 1134 2575 4,
1167 2525 1230 2566 15.
1254 2547 1307 2557 —-
1338 2539 1377 2565 v,
1399 2525 1452 2565 47
1474 2539 1536 2579 sq.
1573 2525 1643 2566 At
1673 2523 1748 2566 tibi
1777 2524 1898 2566 laeta
1925 2523 2109 2566 trahant
2136 2524 2312 2569 Samiae

160 2596 360 2639 convivia
391 2600 533 2636 testae
564 2600 643 2635 cet.
700 2593 786 2634 Res
816 2593 899 2634 hoc
925 2592 1102 2634 disticho
1134 2599 1481 2633 commemoratas
1511 2592 1591 2632 viri
1620 2590 1734 2633 docti
1762 2593 1861 2632 satis
1897 2590 2172 2634 illustrarunt.
2221 2593 2311 2637 Sed

159 2677 254 2704 cum
274 2663 317 2703 in
339 2662 556 2715 Excerptis
580 2659 781 2715 Scaligeri
803 2662 1003 2715 scriptum
1025 2662 1077 2700 sit
1104 2666 1153 2701 at
1174 2657 1299 2708 mihi,
1328 2665 1467 2699 utrum
1490 2656 1716 2712 legendum
1738 2659 1808 2706 sit,
1837 2656 2108 2711 disceptatur.
2139 2659 2311 2702 Brouk·

157 2730 304 2771 husius
337 2735 379 2770 et
404 2727 591 2782 Vulpius
620 2728 698 2768 rati
732 2741 827 2768 eum
857 2725 1074 2781 intelligi,
1102 2740 1229 2781 quem
1259 2727 1301 2766 in
1329 2725 1417 2766 suis
1445 2726 1591 2765 castris
1619 2731 1745 2779 poeta
1775 2723 1954 2765 militare
1983 2726 2200 2778 iussisset,
2233 2726 2312 2770 tibi

158 2797 366 2852 legerunt.
401 2796 598 2849 Heynius
629 2793 813 2849 puellam
835 2793 918 2834 dici
948 2794 1212 2835 existimavit:
1245 2793 1312 2833 cui
1341 2805 1539 2833 assensus
1559 2791 1802 2840 Dissenius,
1834 2789 2054 2841 Tibullus,
2082 2793 2238 2847 inquit,
2263 2807 2311 2835 se

157 2863 326 2906 simulat
350 2861 546 2912 eredere,
578 2861 794 2903 Nemesim
817 2862 937 2902 istam
967 2859 1174 2902 luxuriam
1202 2860 1407 2901 aversari:
1435 2871 1531 2900 mox
1560 2864 1697 2900 tamen
1726 2858 1868 2908 sentit,
1899 2856 2026 2913 longe
2052 2872 2173 2900 secus
2205 2873 2310 2902 esse.

155 2930 273 2973 Iusto
303 2929 547 2975 breviorem
577 2929 621 2970 in
652 2928 729 2972 hac
759 2942 806 2969 re
835 2934 1003 2983 poetam
1035 2927 1184 2978 fuisse,
1215 2928 1306 2981 ipse
1328 2926 1552 2969 Dissenius
1580 2939 1678 2967 non,
1699 2924 1916 2967 diffitetur.
1957 2926 2023 2967 Ac
2050 2925 2252 2981 profecto
2273 2928 2310 2968 si
