<?xml version="1.0" encoding="UTF-8"?>
<!DOCTYPE html PUBLIC "-//W3C//DTD XHTML 1.0 Transitional//EN"
    "http://www.w3.org/TR/xhtml1/DTD/xhtml1-transitional.dtd">
<html xmlns="http://www.w3.org/1999/xhtml" xml:lang="en" lang="en">
 <head>
  <title>
</title>
<meta http-equiv="Content-Type" content="text/html;charset=utf-8" />
  <meta name='ocr-system' content='tesseract 3.04.00' />
  <meta name='ocr-capabilities' content='ocr_page ocr_carea ocr_par ocr_line ocrx_word'/>
</head>
<body>
  <div class='ocr_page' id='page_1' title='image "annotationesadti00rigluoft_0119.png"; bbox 0 0 2462 3112; ppageno 0'>
   <div class='ocr_carea' id='block_1_1' title="bbox 1101 121 1290 165">
    <p class='ocr_par' dir='ltr' id='par_1_1' title="bbox 1101 121 1290 165">
     <span class='ocr_line' id='line_1_1' title="bbox 1101 121 1290 165; baseline -0.016 0"><span class='ocrx_word' id='word_1_1' title='bbox 1101 121 1290 165; x_wconf 74' lang='lat' dir='ltr'><strong>xxmx</strong></span> 
     </span>
    </p>
   </div>
   <div class='ocr_carea' id='block_1_2' title="bbox 108 234 2279 3042">
    <p class='ocr_par' dir='ltr' id='par_1_2' title="bbox 108 234 2279 3042">
     <span class='ocr_line' id='line_1_2' title="bbox 113 234 2271 300; baseline -0.001 -16"><span class='ocrx_word' id='word_1_2' title='bbox 113 238 486 300; x_wconf 69' lang='lat' dir='ltr'><strong>posuerunt-illud</strong></span> <span class='ocrx_word' id='word_1_3' title='bbox 504 238 823 290; x_wconf 81' lang='lat' dir='ltr'><strong>Broukhusiu&#39;s,</strong></span> <span class='ocrx_word' id='word_1_4' title='bbox 850 238 1070 294; x_wconf 86' lang='lat' dir='ltr'><strong>Heynius,</strong></span> <span class='ocrx_word' id='word_1_5' title='bbox 1098 236 1344 280; x_wconf 74' lang='lat' dir='ltr'><strong>Huschkius</strong></span> <span class='ocrx_word' id='word_1_6' title='bbox 1375 243 1417 279; x_wconf 83' lang='lat' dir='ltr'><strong>et</strong></span> <span class='ocrx_word' id='word_1_7' title='bbox 1445 236 1680 280; x_wconf 90' lang='lat' dir='ltr'><strong>Dissenius.</strong></span> <span class='ocrx_word' id='word_1_8' title='bbox 1709 238 1882 280; x_wconf 73' lang='lat' dir='ltr'><strong>Verum</strong></span> <span class='ocrx_word' id='word_1_9' title='bbox 1902 252 1998 280; x_wconf 90' lang='lat' dir='ltr'><strong>cum</strong></span> <span class='ocrx_word' id='word_1_10' title='bbox 2018 234 2271 294; x_wconf 67' lang='lat' dir='ltr'><strong>displiceas,</strong></span> 
     </span>
     <span class='ocr_line' id='line_1_3' title="bbox 114 304 2274 364; baseline -0.002 -11"><span class='ocrx_word' id='word_1_11' title='bbox 114 307 722 360; x_wconf 65' lang='lat' dir='ltr'><strong>ut{=disssnxit¹{1,aeh1nannus‚</strong></span> <span class='ocrx_word' id='word_1_12' title='bbox 752 316 852 349; x_wconf 84' lang='lat' dir='ltr'><strong>non-</strong></span> <span class='ocrx_word' id='word_1_13' title='bbox 870 306 1058 364; x_wconf 78' lang='lat' dir='ltr'><strong>pendeat</strong></span> <span class='ocrx_word' id='word_1_14' title='bbox 1087 305 1141 348; x_wconf 90' lang='lat' dir='ltr'><strong>ab</strong></span> <span class='ocrx_word' id='word_1_15' title='bbox 1172 307 1359 348; x_wconf 78' lang='lat' dir='ltr'><strong>utinam:</strong></span> <span class='ocrx_word' id='word_1_16' title='bbox 1385 305 1516 348; x_wconf 86' lang='lat' dir='ltr'><strong>altera</strong></span> <span class='ocrx_word' id='word_1_17' title='bbox 1544 312 1684 347; x_wconf 82' lang='lat' dir='ltr'><strong>autem</strong></span> <span class='ocrx_word' id='word_1_18' title='bbox 1705 309 1910 362; x_wconf 88' lang='lat' dir='ltr'><strong>scriptura</strong></span> <span class='ocrx_word' id='word_1_19' title='bbox 1939 304 2095 349; x_wconf 83' lang='lat' dir='ltr'><strong>idonea</strong></span> <span class='ocrx_word' id='word_1_20' title='bbox 2125 314 2274 350; x_wconf 89' lang='lat' dir='ltr'><strong>aucto-</strong></span> 
     </span>
     <span class='ocr_line' id='line_1_4' title="bbox 112 372 2271 432; baseline -0.001 -11"><span class='ocrx_word' id='word_1_21' title='bbox 112 380 240 421; x_wconf 66' lang='lat' dir='ltr'><strong>ritate</strong></span> <span class='ocrx_word' id='word_1_22' title='bbox 268 376 613 429; x_wconf 51' lang='lat' dir='ltr'><strong>nitamur-altera</strong></span> <span class='ocrx_word' id='word_1_23' title='bbox 645 383 806 428; x_wconf 88' lang='lat' dir='ltr'><strong>careat,</strong></span> <span class='ocrx_word' id='word_1_24' title='bbox 828 383 932 426; x_wconf 87' lang='lat' dir='ltr'><strong>utra</strong></span> <span class='ocrx_word' id='word_1_25' title='bbox 962 372 1215 432; x_wconf 83' lang='lat' dir='ltr'><strong>reponenda</strong></span> <span class='ocrx_word' id='word_1_26' title='bbox 1244 376 1316 426; x_wconf 84' lang='lat' dir='ltr'><strong>sit,</strong></span> <span class='ocrx_word' id='word_1_27' title='bbox 1347 382 1536 431; x_wconf 88' lang='lat' dir='ltr'><strong>apparet.</strong></span> <span class='ocrx_word' id='word_1_28' title='bbox 1575 373 1775 417; x_wconf 83' lang='lat' dir='ltr'>Similiter</span> <span class='ocrx_word' id='word_1_29' title='bbox 1805 374 1951 431; x_wconf 91' lang='lat' dir='ltr'><strong>paullo</strong></span> <span class='ocrx_word' id='word_1_30' title='bbox 1978 375 2084 418; x_wconf 78' lang='lat' dir='ltr'><strong>infra</strong></span> <span class='ocrx_word' id='word_1_31' title='bbox 2117 378 2183 429; x_wconf 79' lang='grc' dir='ltr'><strong>(ν.</strong></span> <span class='ocrx_word' id='word_1_32' title='bbox 2213 378 2271 430; x_wconf 82' lang='grc'><strong>9)</strong></span> 
     </span>
     <span class='ocr_line' id='line_1_5' title="bbox 113 438 2272 501; baseline -0.001 -12"><span class='ocrx_word' id='word_1_33' title='bbox 113 446 414 491; x_wconf 65' lang='lat' dir='ltr'><strong>Lwhmannus</strong></span> <span class='ocrx_word' id='word_1_34' title='bbox 434 449 487 487; x_wconf 74' lang='lat' dir='ltr'><strong>‘et</strong></span> <span class='ocrx_word' id='word_1_35' title='bbox 517 445 743 487; x_wconf 82' lang='lat' dir='ltr'><strong>Dissenius</strong></span> <span class='ocrx_word' id='word_1_36' title='bbox 772 438 1049 486; x_wconf 78' lang='lat' dir='ltr'><strong>restituerunt</strong></span> <span class='ocrx_word' id='word_1_37' title='bbox 1075 444 1292 501; x_wconf 46' lang='lat' dir='ltr'><strong>possmn&#39;a</strong></span> <span class='ocrx_word' id='word_1_38' title='bbox 1318 442 1616 485; x_wconf 80' lang='lat' dir='ltr'><strong>Broukhusius</strong></span> <span class='ocrx_word' id='word_1_39' title='bbox 1646 451 1812 493; x_wconf 85' lang='lat' dir='ltr'><strong>contra,</strong></span> <span class='ocrx_word' id='word_1_40' title='bbox 1849 444 2066 501; x_wconf 81' lang='lat' dir='ltr'><strong>Heynius,</strong></span> <span class='ocrx_word' id='word_1_41' title='bbox 2105 443 2272 487; x_wconf 88' lang='lat' dir='ltr'><strong>Husch-</strong></span> 
     </span>
     <span class='ocr_line' id='line_1_6' title="bbox 114 510 2279 571; baseline -0.001 -12"><span class='ocrx_word' id='word_1_42' title='bbox 114 513 311 568; x_wconf 54' lang='lat' dir='ltr'><strong>kziusyffl</strong></span> <span class='ocrx_word' id='word_1_43' title='bbox 335 513 455 571; x_wconf 88' lang='lat' dir='ltr'><strong>quod</strong></span> <span class='ocrx_word' id='word_1_44' title='bbox 485 515 529 556; x_wconf 90' lang='lat' dir='ltr'><strong>in</strong></span> <span class='ocrx_word' id='word_1_45' title='bbox 560 516 707 570; x_wconf 84' lang='lat' dir='ltr'><strong>paucis</strong></span> <span class='ocrx_word' id='word_1_46' title='bbox 736 512 856 555; x_wconf 89' lang='lat' dir='ltr'><strong>libris</strong></span> <span class='ocrx_word' id='word_1_47' title='bbox 883 511 1057 568; x_wconf 80' lang='lat' dir='ltr'><strong>legitur,</strong></span> <span class='ocrx_word' id='word_1_48' title='bbox 1086 514 1253 569; x_wconf 72' lang='lat' dir='ltr'><strong>possim</strong></span> <span class='ocrx_word' id='word_1_49' title='bbox 1282 510 1412 553; x_wconf 85' lang='lat' dir='ltr'>scribi</span> <span class='ocrx_word' id='word_1_50' title='bbox 1440 510 1691 554; x_wconf 89' lang='lat' dir='ltr'><strong>maluerunt.</strong></span> <span class='ocrx_word' id='word_1_51' title='bbox 1731 511 1904 555; x_wconf 76' lang='lat' dir='ltr'><strong>Possim</strong></span> <span class='ocrx_word' id='word_1_52' title='bbox 1934 527 2029 555; x_wconf 92' lang='lat' dir='ltr'><strong>cum</strong></span> <span class='ocrx_word' id='word_1_53' title='bbox 2058 512 2112 555; x_wconf 86' lang='lat' dir='ltr'><strong>ad</strong></span> <span class='ocrx_word' id='word_1_54' title='bbox 2138 513 2279 563; x_wconf 51' lang='lat' dir='ltr'><strong>futuri*</strong></span> 
     </span>
     <span class='ocr_line' id='line_1_7' title="bbox 114 579 2273 636; baseline -0.001 -9"><span class='ocrx_word' id='word_1_55' title='bbox 114 586 207 627; x_wconf 73' lang='lat' dir='ltr'><strong>vim‘</strong></span> <span class='ocrx_word' id='word_1_56' title='bbox 228 582 427 634; x_wconf 78' lang='lat' dir='ltr'><strong>accedat,</strong></span> <span class='ocrx_word' id='word_1_57' title='bbox 465 581 571 624; x_wconf 87' lang='lat' dir='ltr'><strong>nihil</strong></span> <span class='ocrx_word' id='word_1_58' title='bbox 608 580 737 623; x_wconf 87' lang='lat' dir='ltr'><strong>habet</strong></span> <span class='ocrx_word' id='word_1_59' title='bbox 774 580 1037 623; x_wconf 82' lang='lat' dir='ltr'><strong>offensionis.</strong></span> <span class='ocrx_word' id='word_1_60' title='bbox 1097 581 1152 622; x_wconf 79' lang='lat' dir='ltr'><strong>At</strong></span> <span class='ocrx_word' id='word_1_61' title='bbox 1189 579 1318 621; x_wconf 88' lang='lat' dir='ltr'><strong>altera</strong></span> <span class='ocrx_word' id='word_1_62' title='bbox 1349 580 1865 636; x_wconf 62' lang='lat' dir='ltr'><strong>scriptura&#39;praeferenda</strong></span> <span class='ocrx_word' id='word_1_63' title='bbox 1901 588 1975 624; x_wconf 90' lang='lat' dir='ltr'><strong>est.</strong></span> <span class='ocrx_word' id='word_1_64' title='bbox 2030 581 2273 625; x_wconf 81' lang='lat' dir='ltr'><strong>Indicativo</strong></span> 
     </span>
     <span class='ocr_line' id='line_1_8' title="bbox 115 648 2272 706; baseline -0 -11"><span class='ocrx_word' id='word_1_65' title='bbox 115 654 228 695; x_wconf 86' lang='lat' dir='ltr'><strong>enim</strong></span> <span class='ocrx_word' id='word_1_66' title='bbox 254 653 419 694; x_wconf 86' lang='lat' dir='ltr'><strong>animus</strong></span> <span class='ocrx_word' id='word_1_67' title='bbox 456 660 480 693; x_wconf 81' lang='lat' dir='ltr'><strong>a</strong></span> <span class='ocrx_word' id='word_1_68' title='bbox 518 664 593 706; x_wconf 89' lang='lat' dir='ltr'><strong>spe</strong></span> <span class='ocrx_word' id='word_1_69' title='bbox 623 651 785 691; x_wconf 88' lang='lat' dir='ltr'><strong>incerta</strong></span> <span class='ocrx_word' id='word_1_70' title='bbox 822 648 876 690; x_wconf 88' lang='lat' dir='ltr'><strong>ad</strong></span> <span class='ocrx_word' id='word_1_71' title='bbox 906 650 1095 690; x_wconf 88' lang='lat' dir='ltr'><strong>veritatis</strong></span> <span class='ocrx_word' id='word_1_72' title='bbox 1125 651 1417 691; x_wconf 89' lang='lat' dir='ltr'><strong>necessitatem</strong></span> <span class='ocrx_word' id='word_1_73' title='bbox 1448 656 1678 691; x_wconf 86' lang='lat' dir='ltr'><strong>revocatur</strong></span> <span class='ocrx_word' id='word_1_74' title='bbox 1704 651 1800 691; x_wconf 25' lang='lat' dir='ltr'><strong>*sive</strong></span> <span class='ocrx_word' id='word_1_75' title='bbox 1839 657 1886 692; x_wconf 91' lang='lat' dir='ltr'><strong>ut</strong></span> <span class='ocrx_word' id='word_1_76' title='bbox 1914 650 2102 694; x_wconf 88' lang='lat' dir='ltr'><strong>Dissenii</strong></span> <span class='ocrx_word' id='word_1_77' title='bbox 2127 650 2272 694; x_wconf 87' lang='lat' dir='ltr'><strong>verbis</strong></span> 
     </span>
     <span class='ocr_line' id='line_1_9' title="bbox 114 717 2272 777; baseline -0.001 -13"><span class='ocrx_word' id='word_1_78' title='bbox 114 729 229 772; x_wconf 82' lang='lat' dir='ltr'><strong>utar,</strong></span> <span class='ocrx_word' id='word_1_79' title='bbox 257 720 514 764; x_wconf 75' lang='lat' dir='ltr'><strong>indicativus</strong></span> <span class='ocrx_word' id='word_1_80' title='bbox 534 718 735 760; x_wconf 89' lang='lat' dir='ltr'><strong>vividiori</strong></span> <span class='ocrx_word' id='word_1_81' title='bbox 764 717 1010 774; x_wconf 79' lang='lat' dir='ltr'><strong>phantasiae</strong></span> <span class='ocrx_word' id='word_1_82' title='bbox 1037 725 1189 772; x_wconf 88' lang='lat' dir='ltr'><strong>poetae</strong></span> <span class='ocrx_word' id='word_1_83' title='bbox 1211 719 1340 774; x_wconf 82' lang='lat' dir='ltr'><strong>magis</strong></span> <span class='ocrx_word' id='word_1_84' title='bbox 1371 719 1583 760; x_wconf 89' lang='lat' dir='ltr'><strong>convenit.</strong></span> <span class='ocrx_word' id='word_1_85' title='bbox 1613 719 1728 760; x_wconf 91' lang='lat' dir='ltr'><strong>Mire</strong></span> <span class='ocrx_word' id='word_1_86' title='bbox 1758 725 1895 760; x_wconf 89' lang='lat' dir='ltr'><strong>autem</strong></span> <span class='ocrx_word' id='word_1_87' title='bbox 1920 718 2054 762; x_wconf 84' lang='lat' dir='ltr'><strong>haesit</strong></span> <span class='ocrx_word' id='word_1_88' title='bbox 2074 720 2272 777; x_wconf 84' lang='lat' dir='ltr'><strong>Heynius</strong></span> 
     </span>
     <span class='ocr_line' id='line_1_10' title="bbox 114 786 2274 846; baseline -0.001 -13"><span class='ocrx_word' id='word_1_89' title='bbox 114 793 161 833; x_wconf 87' lang='lat' dir='ltr'><strong>in</strong></span> <span class='ocrx_word' id='word_1_90' title='bbox 185 789 301 833; x_wconf 63' lang='lat' dir='ltr'><strong>voce?</strong></span> <span class='ocrx_word' id='word_1_91' title='bbox 320 791 396 832; x_wconf 79' lang='lat' dir='ltr'><strong>sic.</strong></span> <span class='ocrx_word' id='word_1_92' title='bbox 426 788 669 838; x_wconf 77' lang='lat' dir='ltr'>Sententia,</span> <span class='ocrx_word' id='word_1_93' title='bbox 707 788 865 842; x_wconf 87' lang='lat' dir='ltr'><strong>inquit,</strong></span> <span class='ocrx_word' id='word_1_94' title='bbox 896 786 1067 827; x_wconf 89' lang='lat' dir='ltr'><strong>videtur</strong></span> <span class='ocrx_word' id='word_1_95' title='bbox 1095 787 1332 842; x_wconf 85' lang='lat' dir='ltr'><strong>postulare:</strong></span> <span class='ocrx_word' id='word_1_96' title='bbox 1371 789 1410 829; x_wconf 77' lang='lat' dir='ltr'><strong>si</strong></span> <span class='ocrx_word' id='word_1_97' title='bbox 1440 793 1583 829; x_wconf 78' lang='lat' dir='ltr'><strong>tecum</strong></span> <span class='ocrx_word' id='word_1_98' title='bbox 1612 802 1710 829; x_wconf 76' lang='lat' dir='ltr'><strong>esse</strong></span> <span class='ocrx_word' id='word_1_99' title='bbox 1738 787 1888 830; x_wconf 84' lang='lat' dir='ltr'><strong>liceat:</strong></span> <span class='ocrx_word' id='word_1_100' title='bbox 1930 787 2108 831; x_wconf 81' lang='lat' dir='ltr'><strong>fortasse</strong></span> <span class='ocrx_word' id='word_1_101' title='bbox 2145 790 2274 846; x_wconf 83' lang='lat' dir='ltr'><strong>igitur</strong></span> 
     </span>
     <span class='ocr_line' id='line_1_11' title="bbox 112 854 2271 916; baseline -0 -15"><span class='ocrx_word' id='word_1_102' title='bbox 112 856 365 916; x_wconf 71' lang='lat' dir='ltr'><strong>legendum:</strong></span> <span class='ocrx_word' id='word_1_103' title='bbox 403 863 550 899; x_wconf 84' lang='lat' dir='ltr'><strong>tecum</strong></span> <span class='ocrx_word' id='word_1_104' title='bbox 588 869 674 912; x_wconf 82' lang='lat' dir='ltr'><strong>ego</strong></span> <span class='ocrx_word' id='word_1_105' title='bbox 713 857 908 896; x_wconf 76' lang='lat' dir='ltr'><strong>secretis.</strong></span> <span class='ocrx_word' id='word_1_106' title='bbox 967 854 1107 910; x_wconf 83' lang='lat' dir='ltr'><strong>Quam</strong></span> <span class='ocrx_word' id='word_1_107' title='bbox 1139 856 1299 911; x_wconf 88' lang='lat' dir='ltr'><strong>Heynii</strong></span> <span class='ocrx_word' id='word_1_108' title='bbox 1338 857 1583 912; x_wconf 88' lang='lat' dir='ltr'>opinionem</span> <span class='ocrx_word' id='word_1_109' title='bbox 1613 869 1702 898; x_wconf 91' lang='lat' dir='ltr'><strong>non</strong></span> <span class='ocrx_word' id='word_1_110' title='bbox 1733 870 1844 913; x_wconf 87' lang='lat' dir='ltr'><strong>opus</strong></span> <span class='ocrx_word' id='word_1_111' title='bbox 1877 863 1941 899; x_wconf 88' lang='lat' dir='ltr'><strong>est</strong></span> <span class='ocrx_word' id='word_1_112' title='bbox 1973 857 2186 900; x_wconf 81' lang='lat' dir='ltr'><strong>refellere.</strong></span> <span class='ocrx_word' id='word_1_113' title='bbox 2216 881 2271 889; x_wconf 91' lang='grc'><strong>--</strong></span> 
     </span>
     <span class='ocr_line' id='line_1_12' title="bbox 113 923 2274 984; baseline 0 -15"><span class='ocrx_word' id='word_1_114' title='bbox 113 927 250 971; x_wconf 65' lang='lat' dir='ltr'><strong>v..l5.›</strong></span> <span class='ocrx_word' id='word_1_115' title='bbox 269 925 397 969; x_wconf 83' lang='lat' dir='ltr'><strong>Haec</strong></span> <span class='ocrx_word' id='word_1_116' title='bbox 418 924 494 968; x_wconf 81' lang='lat' dir='ltr'><strong>tibi</strong></span> <span class='ocrx_word' id='word_1_117' title='bbox 513 931 673 966; x_wconf 75' lang='lat' dir='ltr'><strong>sancta</strong></span> <span class='ocrx_word' id='word_1_118' title='bbox 694 930 810 965; x_wconf 77' lang='lat' dir='ltr'><strong>tuae.</strong></span> <span class='ocrx_word' id='word_1_119' title='bbox 841 923 987 965; x_wconf 83' lang='lat' dir='ltr'><strong>Altera</strong></span> <span class='ocrx_word' id='word_1_120' title='bbox 1010 925 1216 979; x_wconf 88' lang='lat' dir='ltr'><strong>scriptura</strong></span> <span class='ocrx_word' id='word_1_121' title='bbox 1239 939 1322 981; x_wconf 80' lang='lat' dir='ltr'><strong>per</strong></span> <span class='ocrx_word' id='word_1_122' title='bbox 1349 923 1425 966; x_wconf 77' lang='lat' dir='ltr'><strong>tibi</strong></span> <span class='ocrx_word' id='word_1_123' title='bbox 1446 931 1605 967; x_wconf 77' lang='lat' dir='ltr'><strong>sancta</strong></span> <span class='ocrx_word' id='word_1_124' title='bbox 1634 931 1740 967; x_wconf 77' lang='lat' dir='ltr'><strong>tuae</strong></span> <span class='ocrx_word' id='word_1_125' title='bbox 1760 925 1876 967; x_wconf 85' lang='lat' dir='ltr'><strong>unde</strong></span> <span class='ocrx_word' id='word_1_126' title='bbox 1900 932 1995 968; x_wconf 87' lang='lat' dir='ltr'><strong>orta</strong></span> <span class='ocrx_word' id='word_1_127' title='bbox 2023 927 2076 969; x_wconf 89' lang='lat' dir='ltr'><strong>sit</strong></span> <span class='ocrx_word' id='word_1_128' title='bbox 2083 954 2107 978; x_wconf 86' lang='lat'><strong>‚-</strong></span> <span class='ocrx_word' id='word_1_129' title='bbox 2124 941 2274 984; x_wconf 83' lang='lat' dir='ltr'><strong>super-</strong></span> 
     </span>
     <span class='ocr_line' id='line_1_13' title="bbox 113 992 2273 1052; baseline -0 -13"><span class='ocrx_word' id='word_1_130' title='bbox 113 996 314 1040; x_wconf 78' lang='lat' dir='ltr'><strong>sedemus</strong></span> <span class='ocrx_word' id='word_1_131' title='bbox 353 994 524 1038; x_wconf 86' lang='lat' dir='ltr'><strong>dicere:</strong></span> <span class='ocrx_word' id='word_1_132' title='bbox 562 995 661 1036; x_wconf 89' lang='lat' dir='ltr'><strong>satis</strong></span> <span class='ocrx_word' id='word_1_133' title='bbox 697 993 752 1035; x_wconf 89' lang='lat' dir='ltr'><strong>de</strong></span> <span class='ocrx_word' id='word_1_134' title='bbox 787 993 865 1034; x_wconf 89' lang='lat' dir='ltr'><strong>hac</strong></span> <span class='ocrx_word' id='word_1_135' title='bbox 896 1007 943 1034; x_wconf 91' lang='lat' dir='ltr'><strong>re</strong></span> <span class='ocrx_word' id='word_1_136' title='bbox 982 992 1085 1034; x_wconf 84' lang='lat' dir='ltr'><strong>dixit</strong></span> <span class='ocrx_word' id='word_1_137' title='bbox 1116 992 1381 1044; x_wconf 86' lang='lat' dir='ltr'><strong>Huschkius,</strong></span> <span class='ocrx_word' id='word_1_138' title='bbox 1423 1007 1547 1049; x_wconf 88' lang='lat' dir='ltr'><strong>quem</strong></span> <span class='ocrx_word' id='word_1_139' title='bbox 1580 993 1690 1035; x_wconf 89' lang='lat' dir='ltr'><strong>vide.</strong></span> <span class='ocrx_word' id='word_1_140' title='bbox 1730 993 1912 1050; x_wconf 80' lang='lat' dir='ltr'>Vulgata</span> <span class='ocrx_word' id='word_1_141' title='bbox 1939 1010 2021 1037; x_wconf 91' lang='lat' dir='ltr'><strong>usu</strong></span> <span class='ocrx_word' id='word_1_142' title='bbox 2048 1002 2273 1052; x_wconf 90' lang='lat' dir='ltr'><strong>poetarum</strong></span> 
     </span>
     <span class='ocr_line' id='line_1_14' title="bbox 115 1061 2272 1120; baseline -0 -12"><span class='ocrx_word' id='word_1_143' title='bbox 115 1072 158 1108; x_wconf 80' lang='lat' dir='ltr'><strong>et</strong></span> <span class='ocrx_word' id='word_1_144' title='bbox 193 1065 421 1107; x_wconf 82' lang='lat' dir='ltr'><strong>latinorum</strong></span> <span class='ocrx_word' id='word_1_145' title='bbox 463 1069 503 1104; x_wconf 87' lang='lat' dir='ltr'><strong>et</strong></span> <span class='ocrx_word' id='word_1_146' title='bbox 539 1076 789 1118; x_wconf 79' lang='lat' dir='ltr'><strong>graecorum</strong></span> <span class='ocrx_word' id='word_1_147' title='bbox 837 1061 995 1103; x_wconf 78' lang='lat' dir='ltr'><strong>affatim</strong></span> <span class='ocrx_word' id='word_1_148' title='bbox 1034 1063 1222 1102; x_wconf 90' lang='lat' dir='ltr'><strong>munitur</strong></span> <span class='ocrx_word' id='word_1_149' title='bbox 1256 1061 1397 1113; x_wconf 85' lang='lat' dir='ltr'><strong>(conf.</strong></span> <span class='ocrx_word' id='word_1_150' title='bbox 1429 1062 1620 1104; x_wconf 87' lang='lat' dir='ltr'><strong>Huschk.</strong></span> <span class='ocrx_word' id='word_1_151' title='bbox 1651 1061 1704 1104; x_wconf 85' lang='lat' dir='ltr'><strong>ad</strong></span> <span class='ocrx_word' id='word_1_152' title='bbox 1738 1062 1777 1105; x_wconf 88' lang='lat' dir='ltr'><strong>h.</strong></span> <span class='ocrx_word' id='word_1_153' title='bbox 1808 1062 1856 1114; x_wconf 87' lang='lat' dir='ltr'><strong>l.,</strong></span> <span class='ocrx_word' id='word_1_154' title='bbox 1892 1063 2033 1120; x_wconf 85' lang='lat' dir='ltr'><strong>Heyn.</strong></span> <span class='ocrx_word' id='word_1_155' title='bbox 2064 1072 2107 1107; x_wconf 90' lang='lat' dir='ltr'><strong>et</strong></span> <span class='ocrx_word' id='word_1_156' title='bbox 2135 1063 2272 1107; x_wconf 87' lang='lat' dir='ltr'><strong>Thiel.</strong></span> 
     </span>
     <span class='ocr_line' id='line_1_15' title="bbox 114 1129 2273 1190; baseline 0 -14"><span class='ocrx_word' id='word_1_157' title='bbox 114 1133 170 1176; x_wconf 87' lang='lat' dir='ltr'><strong>ad</strong></span> <span class='ocrx_word' id='word_1_158' title='bbox 198 1132 351 1190; x_wconf 78' lang='lat' dir='ltr'><strong>virgil.</strong></span> <span class='ocrx_word' id='word_1_159' title='bbox 381 1133 489 1174; x_wconf 88' lang='lat' dir='ltr'><strong>Aen.</strong></span> <span class='ocrx_word' id='word_1_160' title='bbox 519 1131 611 1182; x_wconf 89' lang='lat' dir='ltr'><strong>VI,</strong></span> <span class='ocrx_word' id='word_1_161' title='bbox 646 1130 772 1183; x_wconf 78' lang='lat'><strong>324).</strong></span> <span class='ocrx_word' id='word_1_162' title='bbox 831 1130 932 1173; x_wconf 83' lang='lat' dir='ltr'><strong>Hoc</strong></span> <span class='ocrx_word' id='word_1_163' title='bbox 970 1138 1109 1173; x_wconf 89' lang='lat' dir='ltr'><strong>autem</strong></span> <span class='ocrx_word' id='word_1_164' title='bbox 1140 1145 1219 1186; x_wconf 87' lang='lat' dir='ltr'><strong>pro</strong></span> <span class='ocrx_word' id='word_1_165' title='bbox 1258 1129 1368 1174; x_wconf 78' lang='lat' dir='ltr'><strong>haec</strong></span> <span class='ocrx_word' id='word_1_166' title='bbox 1398 1131 1571 1173; x_wconf 87' lang='lat' dir='ltr'><strong>videtur</strong></span> <span class='ocrx_word' id='word_1_167' title='bbox 1607 1131 1758 1188; x_wconf 89' lang='lat' dir='ltr'><strong>aliquis</strong></span> <span class='ocrx_word' id='word_1_168' title='bbox 1796 1135 2037 1189; x_wconf 86' lang='lat' dir='ltr'><strong>scripsisse,</strong></span> <span class='ocrx_word' id='word_1_169' title='bbox 2078 1134 2273 1190; x_wconf 86' lang='lat' dir='ltr'><strong>quinon</strong></span> 
     </span>
     <span class='ocr_line' id='line_1_16' title="bbox 111 1198 2275 1257; baseline -0 -11"><span class='ocrx_word' id='word_1_170' title='bbox 111 1201 416 1253; x_wconf 73' lang='lat' dir='ltr'><strong>intellexisset,</strong></span> <span class='ocrx_word' id='word_1_171' title='bbox 453 1199 563 1242; x_wconf 73' lang='lat' dir='ltr'><strong>haec</strong></span> <span class='ocrx_word' id='word_1_172' title='bbox 599 1199 862 1255; x_wconf 77' lang='lat' dir='ltr'><strong>iungendum</strong></span> <span class='ocrx_word' id='word_1_173' title='bbox 901 1214 993 1242; x_wconf 89' lang='lat' dir='ltr'><strong>esse</strong></span> <span class='ocrx_word' id='word_1_174' title='bbox 1034 1214 1127 1241; x_wconf 90' lang='lat' dir='ltr'><strong>cum</strong></span> <span class='ocrx_word' id='word_1_175' title='bbox 1167 1213 1274 1241; x_wconf 90' lang='lat' dir='ltr'><strong>voce</strong></span> <span class='ocrx_word' id='word_1_176' title='bbox 1310 1203 1515 1241; x_wconf 79' lang='lat' dir='ltr'><strong>numina:</strong></span> <span class='ocrx_word' id='word_1_177' title='bbox 1557 1198 1613 1241; x_wconf 90' lang='lat' dir='ltr'><strong>de</strong></span> <span class='ocrx_word' id='word_1_178' title='bbox 1652 1215 1736 1256; x_wconf 88' lang='lat' dir='ltr'><strong>qua</strong></span> <span class='ocrx_word' id='word_1_179' title='bbox 1768 1215 1815 1242; x_wconf 91' lang='lat' dir='ltr'><strong>re</strong></span> <span class='ocrx_word' id='word_1_180' title='bbox 1856 1201 2071 1257; x_wconf 83' lang='lat' dir='ltr'><strong>praeclare</strong></span> <span class='ocrx_word' id='word_1_181' title='bbox 2107 1203 2275 1246; x_wconf 89' lang='lat' dir='ltr'><strong>monuit</strong></span> 
     </span>
     <span class='ocr_line' id='line_1_17' title="bbox 112 1267 2272 1327; baseline -0.001 -11"><span class='ocrx_word' id='word_1_182' title='bbox 112 1271 423 1316; x_wconf 71' lang='lat' dir='ltr'><strong>Broukhusius.</strong></span> <span class='ocrx_word' id='word_1_183' title='bbox 457 1268 513 1303; x_wconf 50' lang='lat'><strong>‘·--</strong></span> <span class='ocrx_word' id='word_1_184' title='bbox 559 1284 599 1311; x_wconf 80' lang='lat' dir='ltr'><strong>V.</strong></span> <span class='ocrx_word' id='word_1_185' title='bbox 631 1268 695 1310; x_wconf 87' lang='grc'><strong>16.</strong></span> <span class='ocrx_word' id='word_1_186' title='bbox 740 1267 854 1311; x_wconf 75' lang='lat' dir='ltr'><em>Mihi</em></span> <span class='ocrx_word' id='word_1_187' title='bbox 890 1282 971 1325; x_wconf 90' lang='lat' dir='ltr'><strong>pro</strong></span> <span class='ocrx_word' id='word_1_188' title='bbox 1010 1268 1085 1310; x_wconf 80' lang='lat' dir='ltr'><strong>tibi</strong></span> <span class='ocrx_word' id='word_1_189' title='bbox 1125 1268 1311 1324; x_wconf 77' lang='lat' dir='ltr'><strong>Scaliger</strong></span> <span class='ocrx_word' id='word_1_190' title='bbox 1348 1283 1395 1310; x_wconf 81' lang='lat' dir='ltr'><strong>ex</strong></span> <span class='ocrx_word' id='word_1_191' title='bbox 1433 1267 1552 1309; x_wconf 89' lang='lat' dir='ltr'><strong>libris</strong></span> <span class='ocrx_word' id='word_1_192' title='bbox 1590 1271 1811 1325; x_wconf 85' lang='lat' dir='ltr'><strong>reposuit,</strong></span> <span class='ocrx_word' id='word_1_193' title='bbox 1851 1277 1899 1312; x_wconf 91' lang='lat' dir='ltr'><strong>ut</strong></span> <span class='ocrx_word' id='word_1_194' title='bbox 1937 1278 2067 1327; x_wconf 89' lang='lat' dir='ltr'><strong>poeta</strong></span> <span class='ocrx_word' id='word_1_195' title='bbox 2102 1273 2272 1327; x_wconf 81' lang='lat' dir='ltr'><strong>genium</strong></span> 
     </span>
     <span class='ocr_line' id='line_1_18' title="bbox 112 1337 2274 1400; baseline -0 -17"><span class='ocrx_word' id='word_1_196' title='bbox 112 1341 286 1400; x_wconf 70' lang='lat' dir='ltr'><strong>puellae</strong></span> <span class='ocrx_word' id='word_1_197' title='bbox 316 1353 419 1382; x_wconf 87' lang='lat' dir='ltr'><strong>suae</strong></span> <span class='ocrx_word' id='word_1_198' title='bbox 450 1338 530 1380; x_wconf 90' lang='lat' dir='ltr'><strong>sibi</strong></span> <span class='ocrx_word' id='word_1_199' title='bbox 562 1340 748 1380; x_wconf 91' lang='lat' dir='ltr'><strong>omnium</strong></span> <span class='ocrx_word' id='word_1_200' title='bbox 779 1338 974 1378; x_wconf 87' lang='lat' dir='ltr'><strong>Deorum</strong></span> <span class='ocrx_word' id='word_1_201' title='bbox 1007 1352 1099 1378; x_wconf 88' lang='lat' dir='ltr'><strong>esse</strong></span> <span class='ocrx_word' id='word_1_202' title='bbox 1130 1339 1348 1379; x_wconf 82' lang='lat' dir='ltr'><strong>maximum</strong></span> <span class='ocrx_word' id='word_1_203' title='bbox 1382 1337 1554 1379; x_wconf 88' lang='lat' dir='ltr'><strong>diceret.</strong></span> <span class='ocrx_word' id='word_1_204' title='bbox 1586 1337 1773 1394; x_wconf 75' lang='lat' dir='ltr'><strong>Vulgata</strong></span> <span class='ocrx_word' id='word_1_205' title='bbox 1804 1338 1879 1381; x_wconf 80' lang='lat' dir='ltr'><strong>tibi</strong></span> <span class='ocrx_word' id='word_1_206' title='bbox 1909 1354 2002 1380; x_wconf 90' lang='lat' dir='ltr'><strong>cum</strong></span> <span class='ocrx_word' id='word_1_207' title='bbox 2029 1339 2142 1382; x_wconf 87' lang='lat' dir='ltr'><strong>idem</strong></span> <span class='ocrx_word' id='word_1_208' title='bbox 2171 1354 2274 1397; x_wconf 47' lang='lat' dir='ltr'><strong>proq-</strong></span> 
     </span>
     <span class='ocr_line' id='line_1_19' title="bbox 112 1406 2273 1466; baseline -0.001 -12"><span class='ocrx_word' id='word_1_209' title='bbox 112 1422 272 1454; x_wconf 83' lang='lat' dir='ltr'><strong>nomen</strong></span> <span class='ocrx_word' id='word_1_210' title='bbox 300 1411 344 1451; x_wconf 90' lang='lat' dir='ltr'><strong>in</strong></span> <span class='ocrx_word' id='word_1_211' title='bbox 372 1408 615 1450; x_wconf 80' lang='lat' dir='ltr'><strong>hexametro</strong></span> <span class='ocrx_word' id='word_1_212' title='bbox 644 1409 827 1463; x_wconf 86' lang='lat' dir='ltr'><strong>positum</strong></span> <span class='ocrx_word' id='word_1_213' title='bbox 851 1408 922 1455; x_wconf 87' lang='lat' dir='ltr'><strong>sit,</strong></span> <span class='ocrx_word' id='word_1_214' title='bbox 953 1406 1070 1461; x_wconf 88' lang='lat' dir='ltr'><strong>quod</strong></span> <span class='ocrx_word' id='word_1_215' title='bbox 1095 1413 1134 1447; x_wconf 91' lang='lat' dir='ltr'><strong>et</strong></span> <span class='ocrx_word' id='word_1_216' title='bbox 1166 1408 1340 1447; x_wconf 90' lang='lat' dir='ltr'><strong>insuave</strong></span> <span class='ocrx_word' id='word_1_217' title='bbox 1371 1413 1432 1447; x_wconf 85' lang='lat' dir='ltr'><strong>est</strong></span> <span class='ocrx_word' id='word_1_218' title='bbox 1464 1413 1505 1447; x_wconf 85' lang='lat' dir='ltr'><strong>et</strong></span> <span class='ocrx_word' id='word_1_219' title='bbox 1530 1406 1698 1458; x_wconf 88' lang='lat' dir='ltr'><strong>inutile,</strong></span> <span class='ocrx_word' id='word_1_220' title='bbox 1731 1406 1851 1448; x_wconf 87' lang='lat' dir='ltr'><strong>alteri</strong></span> <span class='ocrx_word' id='word_1_221' title='bbox 1879 1410 2115 1464; x_wconf 82' lang='lat' dir='ltr'><strong>scripturae</strong></span> <span class='ocrx_word' id='word_1_222' title='bbox 2143 1408 2273 1466; x_wconf 86' lang='lat' dir='ltr'><strong>longe</strong></span> 
     </span>
     <span class='ocr_line' id='line_1_20' title="bbox 114 1473 2271 1536; baseline -0.002 -13"><span class='ocrx_word' id='word_1_223' title='bbox 114 1487 176 1523; x_wconf 80' lang='lat' dir='ltr'><strong>est</strong></span> <span class='ocrx_word' id='word_1_224' title='bbox 204 1475 514 1536; x_wconf 86' lang='lat' dir='ltr'><strong>posthabenda.</strong></span> <span class='ocrx_word' id='word_1_225' title='bbox 551 1500 597 1505; x_wconf 82' lang='lat'><strong>-—</strong></span> <span class='ocrx_word' id='word_1_226' title='bbox 643 1491 682 1516; x_wconf 91' lang='lat' dir='ltr'><strong>v.</strong></span> <span class='ocrx_word' id='word_1_227' title='bbox 716 1475 780 1517; x_wconf 90' lang='lat'><strong>17.</strong></span> <span class='ocrx_word' id='word_1_228' title='bbox 820 1475 1038 1530; x_wconf 86' lang='lat' dir='ltr'><strong>Scriptura</strong></span> <span class='ocrx_word' id='word_1_229' title='bbox 1071 1473 1208 1516; x_wconf 79' lang='lat' dir='ltr'><strong>credo</strong></span> <span class='ocrx_word' id='word_1_230' title='bbox 1247 1474 1519 1516; x_wconf 83' lang='lat' dir='ltr'><strong>defensorem</strong></span> <span class='ocrx_word' id='word_1_231' title='bbox 1552 1481 1674 1516; x_wconf 82' lang='lat' dir='ltr'><strong>nacta</strong></span> <span class='ocrx_word' id='word_1_232' title='bbox 1711 1483 1773 1517; x_wconf 90' lang='lat' dir='ltr'><strong>est</strong></span> <span class='ocrx_word' id='word_1_233' title='bbox 1804 1477 2027 1518; x_wconf 89' lang='lat' dir='ltr'><strong>Heinsium</strong></span> <span class='ocrx_word' id='word_1_234' title='bbox 2057 1476 2111 1519; x_wconf 87' lang='lat' dir='ltr'><strong>ad</strong></span> <span class='ocrx_word' id='word_1_235' title='bbox 2141 1476 2271 1520; x_wconf 86' lang='lat' dir='ltr'><strong>ovid.</strong></span> 
     </span>
     <span class='ocr_line' id='line_1_21' title="bbox 112 1543 2271 1601; baseline -0.001 -11"><span class='ocrx_word' id='word_1_236' title='bbox 112 1548 314 1590; x_wconf 51' lang='lat' dir='ltr'><strong>lla-Art.</strong></span> <span class='ocrx_word' id='word_1_237' title='bbox 353 1560 430 1587; x_wconf 85' lang='lat' dir='ltr'><strong>am.</strong></span> <span class='ocrx_word' id='word_1_238' title='bbox 470 1545 527 1596; x_wconf 78' lang='lat'><strong>4,</strong></span> <span class='ocrx_word' id='word_1_239' title='bbox 567 1544 643 1585; x_wconf 81' lang='lat'><strong>86:</strong></span> <span class='ocrx_word' id='word_1_240' title='bbox 681 1543 811 1585; x_wconf 88' lang='lat' dir='ltr'><strong>hodie</strong></span> <span class='ocrx_word' id='word_1_241' title='bbox 850 1543 917 1584; x_wconf 82' lang='lat' dir='ltr'><strong>vix</strong></span> <span class='ocrx_word' id='word_1_242' title='bbox 941 1545 1175 1599; x_wconf 79' lang='lat' dir='ltr'><strong>quisquam</strong></span> <span class='ocrx_word' id='word_1_243' title='bbox 1210 1545 1315 1594; x_wconf 86' lang='lat' dir='ltr'><strong>erit,</strong></span> <span class='ocrx_word' id='word_1_244' title='bbox 1358 1546 1460 1599; x_wconf 89' lang='lat' dir='ltr'><strong>quin</strong></span> <span class='ocrx_word' id='word_1_245' title='bbox 1502 1557 1590 1583; x_wconf 86' lang='lat' dir='ltr'><strong>eam</strong></span> <span class='ocrx_word' id='word_1_246' title='bbox 1630 1543 1858 1599; x_wconf 85' lang='lat' dir='ltr'><strong>improbet.</strong></span> <span class='ocrx_word' id='word_1_247' title='bbox 1920 1543 2038 1588; x_wconf 81' lang='lat' dir='ltr'><strong>Cedo</strong></span> <span class='ocrx_word' id='word_1_248' title='bbox 2070 1545 2271 1601; x_wconf 78' lang='lat' dir='ltr'><strong>Heynius</strong></span> 
     </span>
     <span class='ocr_line' id='line_1_22' title="bbox 114 1610 2271 1670; baseline -0.001 -11"><span class='ocrx_word' id='word_1_249' title='bbox 114 1623 156 1659; x_wconf 90' lang='lat' dir='ltr'><strong>et</strong></span> <span class='ocrx_word' id='word_1_250' title='bbox 183 1615 410 1658; x_wconf 79' lang='lat' dir='ltr'><strong>Dissenius</strong></span> <span class='ocrx_word' id='word_1_251' title='bbox 446 1613 801 1668; x_wconf 85' lang='lat' dir='ltr'><strong>interpretatione</strong></span> <span class='ocrx_word' id='word_1_252' title='bbox 841 1613 897 1652; x_wconf 81' lang='lat' dir='ltr'><strong>ita</strong></span> <span class='ocrx_word' id='word_1_253' title='bbox 925 1610 1175 1661; x_wconf 81' lang='lat' dir='ltr'><strong>firmarunt,</strong></span> <span class='ocrx_word' id='word_1_254' title='bbox 1220 1617 1267 1652; x_wconf 86' lang='lat' dir='ltr'><strong>ut</strong></span> <span class='ocrx_word' id='word_1_255' title='bbox 1304 1611 1359 1652; x_wconf 89' lang='lat' dir='ltr'><strong>de</strong></span> <span class='ocrx_word' id='word_1_256' title='bbox 1395 1612 1473 1652; x_wconf 88' lang='lat' dir='ltr'><strong>hac</strong></span> <span class='ocrx_word' id='word_1_257' title='bbox 1503 1613 1710 1666; x_wconf 85' lang='lat' dir='ltr'><strong>scriptura</strong></span> <span class='ocrx_word' id='word_1_258' title='bbox 1748 1614 1828 1653; x_wconf 88' lang='lat' dir='ltr'><strong>iam</strong></span> <span class='ocrx_word' id='word_1_259' title='bbox 1860 1611 2044 1655; x_wconf 86' lang='lat' dir='ltr'><strong>dubitari</strong></span> <span class='ocrx_word' id='word_1_260' title='bbox 2073 1620 2271 1670; x_wconf 87' lang='lat' dir='ltr'><strong>nequeat.</strong></span> 
     </span>
     <span class='ocr_line' id='line_1_23' title="bbox 112 1679 2272 1740; baseline 0 -14"><span class='ocrx_word' id='word_1_261' title='bbox 112 1685 362 1738; x_wconf 88' lang='lat' dir='ltr'><strong>Pariterque</strong></span> <span class='ocrx_word' id='word_1_262' title='bbox 386 1688 533 1724; x_wconf 85' lang='lat' dir='ltr'><strong>contra</strong></span> <span class='ocrx_word' id='word_1_263' title='bbox 559 1679 764 1735; x_wconf 82' lang='lat' dir='ltr'><strong>Scaligeri</strong></span> <span class='ocrx_word' id='word_1_264' title='bbox 786 1688 1087 1729; x_wconf 83' lang='lat' dir='ltr'><strong>commentum,</strong></span> <span class='ocrx_word' id='word_1_265' title='bbox 1120 1679 1237 1734; x_wconf 92' lang='lat' dir='ltr'><strong>quod</strong></span> <span class='ocrx_word' id='word_1_266' title='bbox 1258 1679 1535 1721; x_wconf 80' lang='lat' dir='ltr'><strong>Broukhusio</strong></span> <span class='ocrx_word' id='word_1_267' title='bbox 1565 1683 1785 1736; x_wconf 87' lang='lat' dir='ltr'><strong>imposuit,</strong></span> <span class='ocrx_word' id='word_1_268' title='bbox 1815 1684 2024 1739; x_wconf 87' lang='lat' dir='ltr'><strong>scriptura</strong></span> <span class='ocrx_word' id='word_1_269' title='bbox 2051 1681 2272 1740; x_wconf 81' lang='lat' dir='ltr'><strong>proderat</strong></span> 
     </span>
     <span class='ocr_line' id='line_1_24' title="bbox 113 1747 2271 1808; baseline -0 -13"><span class='ocrx_word' id='word_1_270' title='bbox 113 1754 230 1796; x_wconf 87' lang='lat' dir='ltr'><strong>omni</strong></span> <span class='ocrx_word' id='word_1_271' title='bbox 253 1764 303 1793; x_wconf 84' lang='lat' dir='ltr'><strong>ex</strong></span> <span class='ocrx_word' id='word_1_272' title='bbox 329 1757 450 1807; x_wconf 89' lang='lat' dir='ltr'><strong>parte</strong></span> <span class='ocrx_word' id='word_1_273' title='bbox 477 1750 732 1791; x_wconf 83' lang='lat' dir='ltr'><strong>communita</strong></span> <span class='ocrx_word' id='word_1_274' title='bbox 764 1756 836 1790; x_wconf 89' lang='lat' dir='ltr'><strong>est.</strong></span> <span class='ocrx_word' id='word_1_275' title='bbox 867 1748 1042 1789; x_wconf 86' lang='lat' dir='ltr'><strong>Dudum</strong></span> <span class='ocrx_word' id='word_1_276' title='bbox 1068 1747 1225 1788; x_wconf 81' lang='lat' dir='ltr'><strong>Statius</strong></span> <span class='ocrx_word' id='word_1_277' title='bbox 1255 1750 1313 1789; x_wconf 86' lang='lat' dir='ltr'><strong>ita</strong></span> <span class='ocrx_word' id='word_1_278' title='bbox 1336 1747 1645 1790; x_wconf 87' lang='lat' dir='ltr'><strong>emendaverat.</strong></span> <span class='ocrx_word' id='word_1_279' title='bbox 1674 1750 1761 1792; x_wconf 85' lang='lat' dir='ltr'><strong>Res</strong></span> <span class='ocrx_word' id='word_1_280' title='bbox 1782 1749 1907 1806; x_wconf 88' lang='lat' dir='ltr'><strong>plana</strong></span> <span class='ocrx_word' id='word_1_281' title='bbox 1930 1758 2013 1792; x_wconf 89' lang='lat' dir='ltr'><strong>est:</strong></span> <span class='ocrx_word' id='word_1_282' title='bbox 2045 1759 2271 1808; x_wconf 87' lang='lat' dir='ltr'><strong>antequam</strong></span> 
     </span>
     <span class='ocr_line' id='line_1_25' title="bbox 111 1816 2271 1879; baseline 0 -16"><span class='ocrx_word' id='word_1_283' title='bbox 111 1827 240 1879; x_wconf 71' lang='lat' dir='ltr'><strong>poeta</strong></span> <span class='ocrx_word' id='word_1_284' title='bbox 269 1820 446 1870; x_wconf 83' lang='lat' dir='ltr'><strong>iuravit,</strong></span> <span class='ocrx_word' id='word_1_285' title='bbox 484 1817 631 1874; x_wconf 89' lang='lat' dir='ltr'><strong>puella</strong></span> <span class='ocrx_word' id='word_1_286' title='bbox 659 1825 798 1868; x_wconf 89' lang='lat' dir='ltr'><strong>metu,</strong></span> <span class='ocrx_word' id='word_1_287' title='bbox 840 1831 894 1858; x_wconf 92' lang='lat' dir='ltr'><strong>ne</strong></span> <span class='ocrx_word' id='word_1_288' title='bbox 931 1816 984 1858; x_wconf 86' lang='lat' dir='ltr'><strong>ab</strong></span> <span class='ocrx_word' id='word_1_289' title='bbox 1017 1832 1068 1859; x_wconf 89' lang='lat' dir='ltr'><strong>eo</strong></span> <span class='ocrx_word' id='word_1_290' title='bbox 1100 1823 1247 1871; x_wconf 88' lang='lat' dir='ltr'><strong>posset</strong></span> <span class='ocrx_word' id='word_1_291' title='bbox 1278 1817 1436 1867; x_wconf 87' lang='lat' dir='ltr'><strong>deseri,</strong></span> <span class='ocrx_word' id='word_1_292' title='bbox 1477 1817 1794 1860; x_wconf 85' lang='lat' dir='ltr'><strong>continebatur:</strong></span> <span class='ocrx_word' id='word_1_293' title='bbox 1832 1818 1916 1860; x_wconf 92' lang='lat' dir='ltr'><strong>hoc</strong></span> <span class='ocrx_word' id='word_1_294' title='bbox 1944 1826 2060 1862; x_wconf 88' lang='lat' dir='ltr'><strong>metu</strong></span> <span class='ocrx_word' id='word_1_295' title='bbox 2097 1818 2271 1863; x_wconf 85' lang='lat' dir='ltr'><strong>subl-ato</strong></span> 
     </span>
     <span class='ocr_line' id='line_1_26' title="bbox 111 1884 2279 1943; baseline -0 -10"><span class='ocrx_word' id='word_1_296' title='bbox 111 1888 308 1932; x_wconf 73' lang='lat' dir='ltr'><strong>habenae</strong></span> <span class='ocrx_word' id='word_1_297' title='bbox 343 1890 382 1930; x_wconf 92' lang='lat' dir='ltr'><strong>ei</strong></span> <span class='ocrx_word' id='word_1_298' title='bbox 420 1887 627 1929; x_wconf 87' lang='lat' dir='ltr'><strong>admissae</strong></span> <span class='ocrx_word' id='word_1_299' title='bbox 665 1893 784 1928; x_wconf 87' lang='lat' dir='ltr'><strong>erant</strong></span> <span class='ocrx_word' id='word_1_300' title='bbox 815 1885 955 1939; x_wconf 86' lang='lat' dir='ltr'><strong>(conf.</strong></span> <span class='ocrx_word' id='word_1_301' title='bbox 991 1886 1132 1941; x_wconf 82' lang='lat' dir='ltr'><strong>Heyn.</strong></span> <span class='ocrx_word' id='word_1_302' title='bbox 1166 1884 1217 1926; x_wconf 88' lang='lat' dir='ltr'><strong>ad</strong></span> <span class='ocrx_word' id='word_1_303' title='bbox 1246 1884 1284 1927; x_wconf 86' lang='lat' dir='ltr'><strong>h.</strong></span> <span class='ocrx_word' id='word_1_304' title='bbox 1316 1885 1374 1938; x_wconf 89' lang='lat' dir='ltr'><strong>l.).</strong></span> <span class='ocrx_word' id='word_1_305' title='bbox 1420 1886 1593 1927; x_wconf 87' lang='lat' dir='ltr'><strong>Variam</strong></span> <span class='ocrx_word' id='word_1_306' title='bbox 1631 1889 1881 1943; x_wconf 86' lang='lat' dir='ltr'><strong>scripturam</strong></span> <span class='ocrx_word' id='word_1_307' title='bbox 1919 1894 2078 1939; x_wconf 82' lang='lat' dir='ltr'><strong>notae,</strong></span> <span class='ocrx_word' id='word_1_308' title='bbox 2113 1886 2279 1940; x_wconf 64' lang='lat' dir='ltr'><strong>nocte,</strong></span> 
     </span>
     <span class='ocr_line' id='line_1_27' title="bbox 110 1954 2269 2012; baseline -0 -11"><span class='ocrx_word' id='word_1_309' title='bbox 110 1964 299 2001; x_wconf 64' lang='lat' dir='ltr'><strong>nostrae</strong></span> <span class='ocrx_word' id='word_1_310' title='bbox 328 1959 394 2010; x_wconf 89' lang='lat' dir='ltr'><strong>(v.</strong></span> <span class='ocrx_word' id='word_1_311' title='bbox 416 1956 499 2009; x_wconf 80' lang='lat'><strong>22)</strong></span> <span class='ocrx_word' id='word_1_312' title='bbox 533 1958 632 1997; x_wconf 85' lang='lat' dir='ltr'><strong>satis</strong></span> <span class='ocrx_word' id='word_1_313' title='bbox 662 1962 724 1996; x_wconf 87' lang='lat' dir='ltr'><strong>est</strong></span> <span class='ocrx_word' id='word_1_314' title='bbox 752 1967 1116 1996; x_wconf 84' lang='lat' dir='ltr'><strong>commemorasse.</strong></span> <span class='ocrx_word' id='word_1_315' title='bbox 1146 1959 1283 1994; x_wconf 76' lang='lat' dir='ltr'><strong>notae</strong></span> <span class='ocrx_word' id='word_1_316' title='bbox 1311 1960 1424 1995; x_wconf 86' lang='lat' dir='ltr'><strong>recte</strong></span> <span class='ocrx_word' id='word_1_317' title='bbox 1448 1954 1650 2010; x_wconf 40' lang='lat' dir='ltr'><strong>«Heynius</strong></span> <span class='ocrx_word' id='word_1_318' title='bbox 1682 1955 1906 2012; x_wconf 83' lang='lat' dir='ltr'><strong>explicavit</strong></span> <span class='ocrx_word' id='word_1_319' title='bbox 1937 1959 2059 2000; x_wconf 77' lang='lat' dir='ltr'><strong>cuius</strong></span> <span class='ocrx_word' id='word_1_320' title='bbox 2087 1959 2269 2001; x_wconf 75' lang='lat' dir='ltr'><strong>servitio</strong></span> 
     </span>
     <span class='ocr_line' id='line_1_28' title="bbox 111 2020 2273 2073; baseline -0.001 -3"><span class='ocrx_word' id='word_1_321' title='bbox 111 2032 318 2070; x_wconf 69' lang='lat' dir='ltr'><strong>assuetus</strong></span> <span class='ocrx_word' id='word_1_322' title='bbox 346 2039 456 2066; x_wconf 76' lang='lat' dir='ltr'><strong>sum.</strong></span> <span class='ocrx_word' id='word_1_323' title='bbox 488 2046 542 2056; x_wconf 89' lang='lat'><strong>-—</strong></span> <span class='ocrx_word' id='word_1_324' title='bbox 582 2023 632 2066; x_wconf 91' lang='lat' dir='ltr'><strong>C.</strong></span> <span class='ocrx_word' id='word_1_325' title='bbox 664 2024 776 2064; x_wconf 86' lang='lat' dir='ltr'><strong>XtV.</strong></span> <span class='ocrx_word' id='word_1_326' title='bbox 810 2037 849 2063; x_wconf 86' lang='lat' dir='ltr'><strong>v.</strong></span> <span class='ocrx_word' id='word_1_327' title='bbox 882 2022 918 2063; x_wconf 94' lang='grc'><strong>1.</strong></span> <span class='ocrx_word' id='word_1_328' title='bbox 959 2021 1133 2063; x_wconf 70' lang='lat' dir='ltr'><strong>Ru&#39;mor</strong></span> <span class='ocrx_word' id='word_1_329' title='bbox 1163 2023 1246 2073; x_wconf 75' lang='lat' dir='ltr'><strong>ait,</strong></span> <span class='ocrx_word' id='word_1_330' title='bbox 1285 2020 1440 2064; x_wconf 76' lang='lat' dir='ltr'><strong>crebro</strong></span> <span class='ocrx_word' id='word_1_331' title='bbox 1472 2029 1687 2065; x_wconf 73' lang='lat' dir='ltr'><strong>nostram.</strong></span> <span class='ocrx_word' id='word_1_332' title='bbox 1729 2024 1778 2066; x_wconf 87' lang='lat' dir='ltr'><strong>In</strong></span> <span class='ocrx_word' id='word_1_333' title='bbox 1807 2024 2028 2067; x_wconf 85' lang='lat' dir='ltr'><strong>nonnullis</strong></span> <span class='ocrx_word' id='word_1_334' title='bbox 2056 2024 2178 2068; x_wconf 87' lang='lat' dir='ltr'><strong>libris</strong></span> <span class='ocrx_word' id='word_1_335' title='bbox 2208 2032 2273 2068; x_wconf 88' lang='lat' dir='ltr'><strong>est</strong></span> 
     </span>
     <span class='ocr_line' id='line_1_29' title="bbox 111 2089 2272 2151; baseline -0.001 -12"><span class='ocrx_word' id='word_1_336' title='bbox 111 2093 270 2139; x_wconf 81' lang='lat' dir='ltr'><strong>crebro</strong></span> <span class='ocrx_word' id='word_1_337' title='bbox 302 2099 400 2149; x_wconf 87' lang='lat' dir='ltr'><strong>post</strong></span> <span class='ocrx_word' id='word_1_338' title='bbox 428 2098 632 2136; x_wconf 80' lang='lat' dir='ltr'><strong>nostram</strong></span> <span class='ocrx_word' id='word_1_339' title='bbox 661 2092 863 2147; x_wconf 81' lang='lat' dir='ltr'><strong>positum:</strong></span> <span class='ocrx_word' id='word_1_340' title='bbox 905 2105 988 2146; x_wconf 86' lang='lat' dir='ltr'><strong>qua</strong></span> <span class='ocrx_word' id='word_1_341' title='bbox 1020 2089 1247 2132; x_wconf 87' lang='lat' dir='ltr'><strong>verborum</strong></span> <span class='ocrx_word' id='word_1_342' title='bbox 1280 2093 1583 2133; x_wconf 84' lang='lat' dir='ltr'><strong>consecutione</strong></span> <span class='ocrx_word' id='word_1_343' title='bbox 1615 2095 1748 2135; x_wconf 89' lang='lat' dir='ltr'><strong>omnis</strong></span> <span class='ocrx_word' id='word_1_344' title='bbox 1778 2102 1881 2135; x_wconf 87' lang='lat' dir='ltr'><strong>sane</strong></span> <span class='ocrx_word' id='word_1_345' title='bbox 1912 2092 2160 2151; x_wconf 79' lang='lat' dir='ltr'><strong>ambiguitas</strong></span> <span class='ocrx_word' id='word_1_346' title='bbox 2191 2093 2272 2137; x_wconf 88' lang='lat' dir='ltr'><strong>tol-</strong></span> 
     </span>
     <span class='ocr_line' id='line_1_30' title="bbox 109 2158 2270 2218; baseline 0 -12"><span class='ocrx_word' id='word_1_347' title='bbox 109 2163 223 2206; x_wconf 89' lang='lat' dir='ltr'><strong>litur.</strong></span> <span class='ocrx_word' id='word_1_348' title='bbox 266 2161 317 2204; x_wconf 86' lang='lat' dir='ltr'><strong>ld</strong></span> <span class='ocrx_word' id='word_1_349' title='bbox 346 2161 528 2203; x_wconf 78' lang='lat' dir='ltr'><strong>fortasse</strong></span> <span class='ocrx_word' id='word_1_350' title='bbox 551 2160 814 2201; x_wconf 81' lang='lat' dir='ltr'><strong>Huschkium</strong></span> <span class='ocrx_word' id='word_1_351' title='bbox 838 2161 1063 2215; x_wconf 87' lang='lat' dir='ltr'><strong>permovit,</strong></span> <span class='ocrx_word' id='word_1_352' title='bbox 1092 2166 1138 2201; x_wconf 89' lang='lat' dir='ltr'><strong>ut</strong></span> <span class='ocrx_word' id='word_1_353' title='bbox 1167 2161 1224 2200; x_wconf 88' lang='lat' dir='ltr'><strong>ita</strong></span> <span class='ocrx_word' id='word_1_354' title='bbox 1254 2158 1382 2201; x_wconf 87' lang='lat' dir='ltr'><strong>scribi</strong></span> <span class='ocrx_word' id='word_1_355' title='bbox 1404 2160 1544 2202; x_wconf 87' lang='lat' dir='ltr'><strong>vellet.</strong></span> <span class='ocrx_word' id='word_1_356' title='bbox 1578 2161 1740 2203; x_wconf 85' lang='lat' dir='ltr'><strong>Verum</strong></span> <span class='ocrx_word' id='word_1_357' title='bbox 1761 2169 1954 2218; x_wconf 87' lang='lat' dir='ltr'><strong>apparet,</strong></span> <span class='ocrx_word' id='word_1_358' title='bbox 1983 2165 2081 2205; x_wconf 91' lang='lat' dir='ltr'><strong>voci</strong></span> <span class='ocrx_word' id='word_1_359' title='bbox 2111 2161 2270 2206; x_wconf 78' lang='lat' dir='ltr'><strong>crebro</strong></span> 
     </span>
     <span class='ocr_line' id='line_1_31' title="bbox 108 2224 2268 2290; baseline 0 -16"><span class='ocrx_word' id='word_1_360' title='bbox 108 2224 208 2290; x_wconf 81' lang='lat' dir='ltr'><strong>plus</strong></span> <span class='ocrx_word' id='word_1_361' title='bbox 245 2243 338 2273; x_wconf 86' lang='lat' dir='ltr'><strong>esse</strong></span> <span class='ocrx_word' id='word_1_362' title='bbox 375 2228 605 2286; x_wconf 87' lang='lat' dir='ltr'><strong>ponderis,</strong></span> <span class='ocrx_word' id='word_1_363' title='bbox 646 2244 772 2284; x_wconf 87' lang='lat' dir='ltr'><strong>quam</strong></span> <span class='ocrx_word' id='word_1_364' title='bbox 801 2231 898 2270; x_wconf 90' lang='lat' dir='ltr'><strong>voci</strong></span> <span class='ocrx_word' id='word_1_365' title='bbox 933 2235 1162 2271; x_wconf 76' lang='lat' dir='ltr'><strong>nostram:</strong></span> <span class='ocrx_word' id='word_1_366' title='bbox 1204 2242 1282 2270; x_wconf 93' lang='lat' dir='ltr'><strong>nec</strong></span> <span class='ocrx_word' id='word_1_367' title='bbox 1315 2229 1546 2271; x_wconf 87' lang='lat' dir='ltr'><strong>cavendum</strong></span> <span class='ocrx_word' id='word_1_368' title='bbox 1567 2263 1576 2281; x_wconf 96' lang='lat'><strong>,</strong></span> <span class='ocrx_word' id='word_1_369' title='bbox 1616 2244 1670 2271; x_wconf 93' lang='lat' dir='ltr'><strong>ne</strong></span> <span class='ocrx_word' id='word_1_370' title='bbox 1707 2233 1801 2287; x_wconf 91' lang='lat' dir='ltr'><strong>quis</strong></span> <span class='ocrx_word' id='word_1_371' title='bbox 1839 2232 2075 2288; x_wconf 89' lang='lat' dir='ltr'><strong>imperitior·</strong></span> <span class='ocrx_word' id='word_1_372' title='bbox 2109 2229 2268 2276; x_wconf 76' lang='lat' dir='ltr'><strong>crebro</strong></span> 
     </span>
     <span class='ocr_line' id='line_1_32' title="bbox 112 2291 2268 2356; baseline 0 -14"><span class='ocrx_word' id='word_1_373' title='bbox 112 2314 210 2343; x_wconf 87' lang='lat' dir='ltr'><strong>cum</strong></span> <span class='ocrx_word' id='word_1_374' title='bbox 244 2298 382 2341; x_wconf 87' lang='lat' dir='ltr'><strong>verbo</strong></span> <span class='ocrx_word' id='word_1_375' title='bbox 429 2300 493 2340; x_wconf 78' lang='lat' dir='ltr'><strong>ait</strong></span> <span class='ocrx_word' id='word_1_376' title='bbox 537 2300 691 2354; x_wconf 83' lang='lat' dir='ltr'><strong>iungat.</strong></span> <span class='ocrx_word' id='word_1_377' title='bbox 753 2298 900 2352; x_wconf 85' lang='lat' dir='ltr'><strong>ltaque</strong></span> <span class='ocrx_word' id='word_1_378' title='bbox 941 2297 1039 2338; x_wconf 88' lang='lat' dir='ltr'><strong>mihi</strong></span> <span class='ocrx_word' id='word_1_379' title='bbox 1079 2311 1254 2353; x_wconf 85' lang='lat' dir='ltr'><strong>quoque</strong></span> <span class='ocrx_word' id='word_1_380' title='bbox 1293 2312 1540 2354; x_wconf 81' lang='lat' dir='ltr'><strong>persuasum</strong></span> <span class='ocrx_word' id='word_1_381' title='bbox 1579 2306 1667 2350; x_wconf 87' lang='lat' dir='ltr'><strong>est,</strong></span> <span class='ocrx_word' id='word_1_382' title='bbox 1708 2299 1938 2356; x_wconf 79' lang='lat' dir='ltr'><strong>legendum</strong></span> <span class='ocrx_word' id='word_1_383' title='bbox 1977 2314 2071 2342; x_wconf 89' lang='lat' dir='ltr'><strong>esse</strong></span> <span class='ocrx_word' id='word_1_384' title='bbox 2102 2291 2268 2344; x_wconf 73' lang='lat' dir='ltr'><strong>=crebro</strong></span> 
     </span>
     <span class='ocr_line' id='line_1_33' title="bbox 111 2365 2268 2426; baseline -0.001 -13"><span class='ocrx_word' id='word_1_385' title='bbox 111 2374 327 2413; x_wconf 74' lang='lat' dir='ltr'><strong>nostram.</strong></span> <span class='ocrx_word' id='word_1_386' title='bbox 359 2365 512 2408; x_wconf 87' lang='lat' dir='ltr'><strong>Paullo</strong></span> <span class='ocrx_word' id='word_1_387' title='bbox 544 2365 653 2407; x_wconf 83' lang='lat' dir='ltr'><strong>infra</strong></span> <span class='ocrx_word' id='word_1_388' title='bbox 678 2369 742 2418; x_wconf 83' lang='lat' dir='ltr'><strong>(v.</strong></span> <span class='ocrx_word' id='word_1_389' title='bbox 770 2367 825 2418; x_wconf 85' lang='lat'><strong>3)</strong></span> <span class='ocrx_word' id='word_1_390' title='bbox 846 2367 1028 2408; x_wconf 89' lang='lat' dir='ltr'><strong>Pontani</strong></span> <span class='ocrx_word' id='word_1_391' title='bbox 1057 2368 1341 2407; x_wconf 84' lang='lat' dir='ltr'><strong>coniecturam</strong></span> <span class='ocrx_word' id='word_1_392' title='bbox 1372 2368 1491 2408; x_wconf 71' lang='lat' dir='ltr'><strong>iacta</strong></span> <span class='ocrx_word' id='word_1_393' title='bbox 1521 2369 1756 2424; x_wconf 88' lang='lat' dir='ltr'><strong>scripturae</strong></span> <span class='ocrx_word' id='word_1_394' title='bbox 1779 2368 2124 2426; x_wconf 81' lang='lat' dir='ltr'><strong>anteponendam</strong></span> <span class='ocrx_word' id='word_1_395' title='bbox 2148 2375 2268 2425; x_wconf 84' lang='lat' dir='ltr'><strong>puto.</strong></span> 
     </span>
     <span class='ocr_line' id='line_1_34' title="bbox 115 2433 2269 2495; baseline 0 -15"><span class='ocrx_word' id='word_1_396' title='bbox 115 2437 236 2495; x_wconf 81' lang='lat' dir='ltr'><strong>Quid</strong></span> <span class='ocrx_word' id='word_1_397' title='bbox 275 2438 411 2479; x_wconf 80' lang='lat' dir='ltr'><strong>enim?</strong></span> <span class='ocrx_word' id='word_1_398' title='bbox 455 2449 557 2477; x_wconf 91' lang='lat' dir='ltr'><strong>num</strong></span> <span class='ocrx_word' id='word_1_399' title='bbox 590 2449 846 2491; x_wconf 85' lang='lat' dir='ltr'><strong>quemquam</strong></span> <span class='ocrx_word' id='word_1_400' title='bbox 883 2436 1166 2476; x_wconf 78' lang='lat' dir='ltr'><strong>recentiorum</strong></span> <span class='ocrx_word' id='word_1_401' title='bbox 1205 2436 1435 2475; x_wconf 88' lang='lat' dir='ltr'><strong>auctoritas</strong></span> <span class='ocrx_word' id='word_1_402' title='bbox 1474 2433 1680 2477; x_wconf 88' lang='lat' dir='ltr'><strong>librorum</strong></span> <span class='ocrx_word' id='word_1_403' title='bbox 1717 2439 1859 2492; x_wconf 86' lang='lat' dir='ltr'><strong>potuit</strong></span> <span class='ocrx_word' id='word_1_404' title='bbox 1900 2436 2099 2493; x_wconf 79' lang='lat' dir='ltr'><strong>adigere,</strong></span> <span class='ocrx_word' id='word_1_405' title='bbox 2138 2443 2188 2480; x_wconf 88' lang='lat' dir='ltr'><strong>ut</strong></span> <span class='ocrx_word' id='word_1_406' title='bbox 2223 2439 2269 2480; x_wconf 92' lang='lat' dir='ltr'><strong>in</strong></span> 
     </span>
     <span class='ocr_line' id='line_1_35' title="bbox 113 2503 2270 2562; baseline -0.001 -12"><span class='ocrx_word' id='word_1_407' title='bbox 113 2506 267 2550; x_wconf 87' lang='lat' dir='ltr'><strong>eodem</strong></span> <span class='ocrx_word' id='word_1_408' title='bbox 296 2519 423 2547; x_wconf 90' lang='lat' dir='ltr'><strong>versu</strong></span> <span class='ocrx_word' id='word_1_409' title='bbox 455 2506 652 2546; x_wconf 77' lang='lat' dir='ltr'><strong>carmina</strong></span> <span class='ocrx_word' id='word_1_410' title='bbox 683 2517 762 2558; x_wconf 89' lang='lat' dir='ltr'><strong>pro</strong></span> <span class='ocrx_word' id='word_1_411' title='bbox 794 2505 976 2545; x_wconf 79' lang='lat' dir='ltr'><strong>crimina</strong></span> <span class='ocrx_word' id='word_1_412' title='bbox 1008 2503 1191 2558; x_wconf 81' lang='lat' dir='ltr'><strong>legeret?</strong></span> <span class='ocrx_word' id='word_1_413' title='bbox 1221 2504 1326 2545; x_wconf 85' lang='lat' dir='ltr'><strong>Non</strong></span> <span class='ocrx_word' id='word_1_414' title='bbox 1357 2507 1617 2559; x_wconf 78' lang='lat' dir='ltr'><strong>negaverim,</strong></span> <span class='ocrx_word' id='word_1_415' title='bbox 1648 2505 1731 2548; x_wconf 85' lang='lat' dir='ltr'><strong>dici</strong></span> <span class='ocrx_word' id='word_1_416' title='bbox 1760 2519 1887 2562; x_wconf 88' lang='lat' dir='ltr'><strong>posse</strong></span> <span class='ocrx_word' id='word_1_417' title='bbox 1918 2508 2084 2548; x_wconf 82' lang='lat' dir='ltr'><strong>crimen</strong></span> <span class='ocrx_word' id='word_1_418' title='bbox 2101 2505 2270 2560; x_wconf 81' lang='lat' dir='ltr'><strong>facere</strong></span> 
     </span>
     <span class='ocr_line' id='line_1_36' title="bbox 113 2571 2270 2631; baseline -0 -14"><span class='ocrx_word' id='word_1_419' title='bbox 113 2575 256 2618; x_wconf 82' lang='lat' dir='ltr'><strong>alicui.</strong></span> <span class='ocrx_word' id='word_1_420' title='bbox 296 2571 426 2629; x_wconf 86' lang='lat' dir='ltr'><strong>Apud</strong></span> <span class='ocrx_word' id='word_1_421' title='bbox 456 2572 728 2627; x_wconf 87' lang='lat' dir='ltr'><strong>Propertium</strong></span> <span class='ocrx_word' id='word_1_422' title='bbox 759 2578 897 2613; x_wconf 84' lang='lat' dir='ltr'><strong>tamen</strong></span> <span class='ocrx_word' id='word_1_423' title='bbox 929 2572 1011 2624; x_wconf 87' lang='lat' dir='ltr'><strong>IV,</strong></span> <span class='ocrx_word' id='word_1_424' title='bbox 1042 2573 1089 2623; x_wconf 77' lang='lat'><strong>4,</strong></span> <span class='ocrx_word' id='word_1_425' title='bbox 1118 2572 1193 2623; x_wconf 74' lang='lat'><strong>43,</strong></span> <span class='ocrx_word' id='word_1_426' title='bbox 1225 2588 1348 2629; x_wconf 88' lang='lat' dir='ltr'><strong>quem</strong></span> <span class='ocrx_word' id='word_1_427' title='bbox 1382 2573 1521 2614; x_wconf 87' lang='lat' dir='ltr'><strong>locum</strong></span> <span class='ocrx_word' id='word_1_428' title='bbox 1552 2574 1774 2616; x_wconf 87' lang='lat' dir='ltr'><strong>Dissenius</strong></span> <span class='ocrx_word' id='word_1_429' title='bbox 1806 2573 1963 2626; x_wconf 88' lang='lat' dir='ltr'><strong>attulit,</strong></span> <span class='ocrx_word' id='word_1_430' title='bbox 1993 2575 2177 2631; x_wconf 84' lang='lat' dir='ltr'><strong>Tarpeia</strong></span> <span class='ocrx_word' id='word_1_431' title='bbox 2206 2573 2270 2616; x_wconf 86' lang='lat' dir='ltr'><strong>di-</strong></span> 
     </span>
     <span class='ocr_line' id='line_1_37' title="bbox 111 2639 2269 2698; baseline -0.001 -12"><span class='ocrx_word' id='word_1_432' title='bbox 111 2646 222 2686; x_wconf 90' lang='lat' dir='ltr'><strong>citur</strong></span> <span class='ocrx_word' id='word_1_433' title='bbox 246 2642 409 2683; x_wconf 81' lang='lat' dir='ltr'><strong>factura</strong></span> <span class='ocrx_word' id='word_1_434' title='bbox 428 2655 623 2696; x_wconf 81' lang='lat' dir='ltr'><strong>magnum</strong></span> <span class='ocrx_word' id='word_1_435' title='bbox 655 2642 813 2681; x_wconf 89' lang='lat' dir='ltr'><strong>crimen</strong></span> <span class='ocrx_word' id='word_1_436' title='bbox 833 2639 987 2696; x_wconf 90' lang='lat' dir='ltr'><strong>puellis</strong></span> <span class='ocrx_word' id='word_1_437' title='bbox 1015 2641 1198 2681; x_wconf 89' lang='lat' dir='ltr'><strong>romanis</strong></span> <span class='ocrx_word' id='word_1_438' title='bbox 1226 2642 1251 2682; x_wconf 92' lang='lat' dir='ltr'><strong>i.</strong></span> <span class='ocrx_word' id='word_1_439' title='bbox 1275 2655 1307 2682; x_wconf 93' lang='lat' dir='ltr'><strong>e.</strong></span> <span class='ocrx_word' id='word_1_440' title='bbox 1329 2639 1505 2681; x_wconf 85' lang='lat' dir='ltr'><strong>allatura</strong></span> <span class='ocrx_word' id='word_1_441' title='bbox 1527 2656 1719 2696; x_wconf 79' lang='lat' dir='ltr'><strong>magnum</strong></span> <span class='ocrx_word' id='word_1_442' title='bbox 1740 2642 1945 2698; x_wconf 90' lang='lat' dir='ltr'><strong>probrum</strong></span> <span class='ocrx_word' id='word_1_443' title='bbox 1975 2657 2051 2684; x_wconf 91' lang='lat' dir='ltr'><strong>seu</strong></span> <span class='ocrx_word' id='word_1_444' title='bbox 2080 2642 2269 2684; x_wconf 89' lang='lat' dir='ltr'><strong>dedecus</strong></span> 
     </span>
     <span class='ocr_line' id='line_1_38' title="bbox 113 2707 2268 2766; baseline -0.002 -12"><span class='ocrx_word' id='word_1_445' title='bbox 113 2711 222 2766; x_wconf 87' lang='lat' dir='ltr'><strong>(der</strong></span> <span class='ocrx_word' id='word_1_446' title='bbox 258 2724 418 2766; x_wconf 80' lang='lat' dir='ltr'><strong>ganzen</strong></span> <span class='ocrx_word' id='word_1_447' title='bbox 448 2707 770 2750; x_wconf 71' lang='lat' dir='ltr'><strong>Madchenwelt</strong></span> <span class='ocrx_word' id='word_1_448' title='bbox 798 2708 946 2750; x_wconf 80' lang='lat' dir='ltr'><strong>werde</strong></span> <span class='ocrx_word' id='word_1_449' title='bbox 986 2711 1045 2751; x_wconf 89' lang='lat' dir='ltr'><strong>sie</strong></span> <span class='ocrx_word' id='word_1_450' title='bbox 1085 2723 1230 2765; x_wconf 81' lang='lat' dir='ltr'><strong>grosse</strong></span> <span class='ocrx_word' id='word_1_451' title='bbox 1266 2708 1459 2751; x_wconf 87' lang='lat' dir='ltr'><strong>Schande</strong></span> <span class='ocrx_word' id='word_1_452' title='bbox 1499 2708 1723 2765; x_wconf 80' lang='lat' dir='ltr'><strong>bringen.).</strong></span> <span class='ocrx_word' id='word_1_453' title='bbox 1781 2710 1911 2752; x_wconf 91' lang='lat' dir='ltr'><strong>Ovid.</strong></span> <span class='ocrx_word' id='word_1_454' title='bbox 1944 2711 2034 2751; x_wconf 87' lang='lat' dir='ltr'><strong>Am.</strong></span> <span class='ocrx_word' id='word_1_455' title='bbox 2066 2710 2131 2761; x_wconf 84' lang='lat'><strong>11,</strong></span> <span class='ocrx_word' id='word_1_456' title='bbox 2162 2709 2268 2751; x_wconf 87' lang='lat'><strong>633:</strong></span> 
     </span>
     <span class='ocr_line' id='line_1_39' title="bbox 110 2770 2267 2836; baseline -0.001 -14"><span class='ocrx_word' id='word_1_457' title='bbox 110 2780 308 2836; x_wconf 83' lang='lat' dir='ltr'><strong>famaque</strong></span> <span class='ocrx_word' id='word_1_458' title='bbox 339 2792 428 2819; x_wconf 88' lang='lat' dir='ltr'><strong>non</strong></span> <span class='ocrx_word' id='word_1_459' title='bbox 459 2777 572 2819; x_wconf 86' lang='lat' dir='ltr'><strong>sacto</strong></span> <span class='ocrx_word' id='word_1_460' title='bbox 606 2779 778 2818; x_wconf 87' lang='lat' dir='ltr'><strong>crimine</strong></span> <span class='ocrx_word' id='word_1_461' title='bbox 809 2779 969 2819; x_wconf 89' lang='lat' dir='ltr'><strong>crimen</strong></span> <span class='ocrx_word' id='word_1_462' title='bbox 999 2777 1139 2819; x_wconf 89' lang='lat' dir='ltr'><strong>habet.</strong></span> <span class='ocrx_word' id='word_1_463' title='bbox 1170 2778 1371 2820; x_wconf 87' lang='lat' dir='ltr'><strong>Heinsius</strong></span> <span class='ocrx_word' id='word_1_464' title='bbox 1403 2793 1451 2819; x_wconf 81' lang='lat' dir='ltr'><strong>ex</strong></span> <span class='ocrx_word' id='word_1_465' title='bbox 1481 2776 1600 2819; x_wconf 90' lang='lat' dir='ltr'><strong>libris</strong></span> <span class='ocrx_word' id='word_1_466' title='bbox 1630 2776 1748 2820; x_wconf 87' lang='lat' dir='ltr'><strong>dedit</strong></span> <span class='ocrx_word' id='word_1_467' title='bbox 1777 2793 1868 2819; x_wconf 86' lang='lat' dir='ltr'><strong>non</strong></span> <span class='ocrx_word' id='word_1_468' title='bbox 1902 2784 2022 2820; x_wconf 82' lang='lat' dir='ltr'><strong>tacto</strong></span> <span class='ocrx_word' id='word_1_469' title='bbox 2058 2770 2267 2835; x_wconf 77' lang='lat' dir='ltr'><strong>corpore:</strong></span> 
     </span>
     <span class='ocr_line' id='line_1_40' title="bbox 112 2844 2268 2904; baseline 0 -14"><span class='ocrx_word' id='word_1_470' title='bbox 112 2862 224 2904; x_wconf 86' lang='lat' dir='ltr'><strong>quae</strong></span> <span class='ocrx_word' id='word_1_471' title='bbox 249 2846 351 2888; x_wconf 87' lang='lat' dir='ltr'><strong>mihi</strong></span> <span class='ocrx_word' id='word_1_472' title='bbox 381 2846 675 2900; x_wconf 85' lang='lat' dir='ltr'><strong>interpretatio</strong></span> <span class='ocrx_word' id='word_1_473' title='bbox 703 2844 872 2886; x_wconf 87' lang='lat' dir='ltr'><strong>videtur</strong></span> <span class='ocrx_word' id='word_1_474' title='bbox 902 2861 991 2887; x_wconf 87' lang='lat' dir='ltr'><strong>esse</strong></span> <span class='ocrx_word' id='word_1_475' title='bbox 1021 2861 1245 2902; x_wconf 76' lang='lat' dir='ltr'><strong>germanae</strong></span> <span class='ocrx_word' id='word_1_476' title='bbox 1275 2849 1509 2903; x_wconf 89' lang='lat' dir='ltr'><strong>scripturae</strong></span> <span class='ocrx_word' id='word_1_477' title='bbox 1533 2845 1622 2889; x_wconf 89' lang='lat' dir='ltr'><strong>Cic.</strong></span> <span class='ocrx_word' id='word_1_478' title='bbox 1653 2861 1733 2902; x_wconf 92' lang='lat' dir='ltr'><strong>pro</strong></span> <span class='ocrx_word' id='word_1_479' title='bbox 1764 2846 1921 2887; x_wconf 87' lang='lat' dir='ltr'><strong>Flacco</strong></span> <span class='ocrx_word' id='word_1_480' title='bbox 1945 2861 1977 2887; x_wconf 92' lang='lat' dir='ltr'><strong>c.</strong></span> <span class='ocrx_word' id='word_1_481' title='bbox 2009 2846 2079 2887; x_wconf 76' lang='lat'><strong>14:</strong></span> <span class='ocrx_word' id='word_1_482' title='bbox 2111 2848 2268 2890; x_wconf 87' lang='lat' dir='ltr'><strong>crimen</strong></span> 
     </span>
     <span class='ocr_line' id='line_1_41' title="bbox 111 2913 2268 2971; baseline 0 -13"><span class='ocrx_word' id='word_1_483' title='bbox 111 2914 196 2959; x_wconf 85' lang='lat' dir='ltr'><strong>sihi</strong></span> <span class='ocrx_word' id='word_1_484' title='bbox 226 2914 368 2956; x_wconf 90' lang='lat' dir='ltr'><strong>facere</strong></span> <span class='ocrx_word' id='word_1_485' title='bbox 398 2914 424 2954; x_wconf 91' lang='lat' dir='ltr'><strong>i.</strong></span> <span class='ocrx_word' id='word_1_486' title='bbox 461 2928 495 2954; x_wconf 87' lang='lat' dir='ltr'><strong>e.</strong></span> <span class='ocrx_word' id='word_1_487' title='bbox 527 2914 860 2955; x_wconf 85' lang='lat' dir='ltr'><strong>criminationem</strong></span> <span class='ocrx_word' id='word_1_488' title='bbox 891 2913 1030 2956; x_wconf 86' lang='lat' dir='ltr'><strong>facere</strong></span> <span class='ocrx_word' id='word_1_489' title='bbox 1061 2929 1139 2955; x_wconf 91' lang='lat' dir='ltr'><strong>seu</strong></span> <span class='ocrx_word' id='word_1_490' title='bbox 1167 2916 1388 2956; x_wconf 87' lang='lat' dir='ltr'><strong>criminari.</strong></span> <span class='ocrx_word' id='word_1_491' title='bbox 1438 2915 1589 2970; x_wconf 86' lang='lat' dir='ltr'><strong>ltaque</strong></span> <span class='ocrx_word' id='word_1_492' title='bbox 1622 2929 1871 2971; x_wconf 86' lang='lat' dir='ltr'><strong>quamquam</strong></span> <span class='ocrx_word' id='word_1_493' title='bbox 1902 2916 2108 2970; x_wconf 86' lang='lat' dir='ltr'><strong>scriptura</strong></span> <span class='ocrx_word' id='word_1_494' title='bbox 2127 2914 2268 2969; x_wconf 80' lang='lat' dir='ltr'><strong>sacta</strong></span> 
     </span>
     <span class='ocr_line' id='line_1_42' title="bbox 111 2981 2268 3042; baseline -0.001 -14"><span class='ocrx_word' id='word_1_495' title='bbox 111 2982 291 3028; x_wconf 83' lang='lat' dir='ltr'><strong>defendi</strong></span> <span class='ocrx_word' id='word_1_496' title='bbox 320 2987 483 3039; x_wconf 85' lang='lat' dir='ltr'><strong>potest,</strong></span> <span class='ocrx_word' id='word_1_497' title='bbox 515 2988 655 3023; x_wconf 83' lang='lat' dir='ltr'><strong>tamen</strong></span> <span class='ocrx_word' id='word_1_498' title='bbox 682 2983 800 3024; x_wconf 80' lang='lat' dir='ltr'><strong>iacta</strong></span> <span class='ocrx_word' id='word_1_499' title='bbox 828 2981 976 3024; x_wconf 90' lang='lat' dir='ltr'><strong>melius</strong></span> <span class='ocrx_word' id='word_1_500' title='bbox 1005 2981 1187 3039; x_wconf 85' lang='lat' dir='ltr'><strong>quadrat</strong></span> <span class='ocrx_word' id='word_1_501' title='bbox 1217 2982 1270 3024; x_wconf 87' lang='lat' dir='ltr'><strong>ad</strong></span> <span class='ocrx_word' id='word_1_502' title='bbox 1300 2998 1492 3025; x_wconf 89' lang='lat' dir='ltr'><strong>rumores</strong></span> <span class='ocrx_word' id='word_1_503' title='bbox 1524 2998 1602 3025; x_wconf 89' lang='lat' dir='ltr'><strong>seu</strong></span> <span class='ocrx_word' id='word_1_504' title='bbox 1627 2992 1845 3026; x_wconf 88' lang='lat' dir='ltr'><strong>sermones</strong></span> <span class='ocrx_word' id='word_1_505' title='bbox 1870 2983 2104 3035; x_wconf 81' lang='lat' dir='ltr'><strong>hominum3</strong></span> <span class='ocrx_word' id='word_1_506' title='bbox 2144 2983 2268 3042; x_wconf 79' lang='lat' dir='ltr'><strong>digna</strong></span> 
     </span>
    </p>
   </div>
  </div>
 </body>
</html>
