2462 3112
1111 129 1340 168 XXXVIII

142 248 261 301 signa
288 247 525 288 servitutis.
585 246 728 301 Atque
757 247 851 301 ipse
880 247 905 287 i.
939 260 975 287 e.
1005 245 1177 304 ger-ade
1206 245 1287 288 der
1325 254 1388 288 est
1424 246 1539 289 haud
1570 245 1701 288 dubie
1731 247 1873 289 rivalis
1905 247 2081 293 Tibulli.
2140 249 2304 292 Verum

141 314 220 354 etsi
253 314 289 355 is
317 313 467 368 utique
498 313 562 354 his
591 311 735 354 verbis
765 312 993 354 denotatur
1013 345 1022 362 ,
1061 312 1105 355 id
1135 320 1274 355 tamen
1304 315 1347 354 in
1386 326 1532 355 omnes
1562 313 1752 355 eiusdem
1781 316 1947 371 generis
1979 315 2170 358 homines
2199 317 2305 373 quin

141 379 300 421 dictum
336 382 416 430 sit,
456 393 543 422 non
577 379 741 422 dubito.
798 378 949 435 Itaque
986 380 1096 422 hanc
1124 387 1230 436 puto
1261 379 1438 422 subesse
1475 382 1752 423 sententiam:
1790 381 1921 424 hodie
1947 382 2016 424 vel
2054 382 2304 426 deterrimus

143 449 329 503 quisque
363 454 406 489 et
435 446 728 488 sordidissimo
760 446 859 488 loco
886 453 1011 489 natus
1029 481 1038 497 ,
1070 447 1301 490 dummodo
1333 448 1450 490 dives
1480 450 1561 498 sit,
1587 447 1816 504 plurimum
1843 449 1956 506 apud
1984 450 2148 506 puellas
2177 451 2303 495 valet.

138 515 220 556 His
260 515 381 556 dictis
418 521 547 570 poeta
583 521 756 565 monet,
798 521 906 570 quot
939 514 1049 556 mala
1094 529 1143 556 ex
1179 517 1355 556 avaritia
1395 517 1484 556 sive
1521 514 1710 570 praedae
1746 515 1889 558 studio
1927 509 2128 559 fluxerint
2167 531 2304 574 eaque

139 581 333 624 breviter
361 587 567 623 recenset.
627 581 738 622 Tum
769 595 873 623 vero
903 580 1277 637 indignabundus:
1309 588 1351 623 at
1385 581 1489 637 quid
1520 582 1709 634 tandem,
1739 584 1898 639 inquit,
1927 591 1975 626 ut
2004 592 2302 641 assequantur,

141 651 211 691 isti
248 648 523 704 praedatores
563 655 626 690 tot
655 650 770 690 vitae
800 647 987 703 pericula
1018 663 1068 690 ac
1096 663 1239 690 rerum
1269 649 1509 691 discrimina
1541 649 1754 692 subeunt?
1797 651 1862 692 Ut
1892 650 2052 694 scilicet
2079 651 2304 695 latifundia

138 715 420 772 possideant,
456 715 679 772 magnifice
717 715 973 766 aedificent,
1011 718 1193 772 piscinas
1234 716 1446 767 habeant,
1486 731 1584 759 suas
1627 717 1814 773 denique
1856 719 2024 760 insanas
2054 718 2303 775 cupiditates

141 782 351 838 expleant.
396 783 506 838 Quis
536 797 625 825 non
646 783 783 834 videt,
814 798 940 838 quam
970 790 1066 839 apte
1095 784 1202 825 haec
1222 797 1436 839 quamque
1457 785 1673 839 sapienter
1694 798 1788 825 cum
1810 786 1882 835 iis,
1913 799 2022 840 quae
2043 793 2300 840 sequuntur,

141 852 377 905 composita
406 852 517 891 sint?
558 851 725 892 Etenim
746 857 970 905 postquam
993 857 1124 906 poeta
1144 864 1234 892 non
1257 852 1348 892 sine
1380 850 1567 892 laetitiae
1598 851 1987 903 commendatione,
2021 867 2106 908 qua
2134 851 2304 908 puellae

140 919 323 967 animum
370 917 588 967 alliceret,
641 932 758 959 suam
806 917 889 959 illis
937 916 1093 973 opibus
1137 925 1428 974 paupertatem
1477 920 1767 974 comparavit,
1818 921 1898 960 iam
1951 918 2143 975 deposita
2189 921 2306 962 omni

139 984 411 1027 simulatione
450 985 586 1026 fassus
627 999 722 1026 sese
761 999 989 1040 cognosse,
1036 985 1134 1040 plus
1183 986 1297 1041 apud
1336 985 1523 1041 puellam
1560 985 1741 1027 hominis
1777 987 1898 1028 istius
1938 985 2130 1037 divitias,
2177 1000 2304 1043 quam

141 1066 312 1094 suarum
350 1052 617 1093 fortunarum
653 1050 987 1094 mediocritatem
1025 1051 1194 1102 valere,
1245 1066 1291 1094 se
1335 1066 1510 1108 quoque
1552 1052 1654 1095 dicit
1689 1053 1926 1109 praedandi
1969 1067 2116 1095 caussa
2152 1053 2304 1096 milita-

141 1127 313 1170 turum,
349 1133 439 1161 non
477 1126 524 1160 ut
560 1122 652 1174 ipse
688 1118 995 1175 locupletetur,
1038 1117 1114 1160 sed
1154 1125 1201 1160 ut
1235 1118 1403 1175 puellae
1444 1122 1722 1161 instrumenta
1757 1118 1948 1161 luxuriae
1984 1121 2119 1176 possit
2146 1134 2304 1177 suppe-

143 1187 289 1229 ditare.
352 1186 478 1241 Quae
510 1200 636 1242 quam
666 1188 750 1227 sint
780 1186 835 1228 ad
867 1185 1221 1228 commovendum
1250 1186 1420 1242 puellae
1456 1189 1638 1228 animum
1669 1186 1983 1230 accommodata
2003 1220 2012 1238 ,
2049 1201 2174 1229 nemo
2204 1190 2302 1239 erit,

141 1257 246 1310 quin
282 1256 447 1295 sentiat.
507 1254 622 1295 Dum
663 1255 753 1308 ipse
791 1268 886 1295 sese
922 1255 1062 1295 omnia
1098 1254 1308 1295 facturum
1348 1268 1441 1296 esse
1479 1253 1708 1310 pollicetur
1736 1254 1830 1296 solo
1869 1269 2011 1296 amore
2049 1269 2144 1311 erga
2178 1254 2303 1312 puel-

139 1321 223 1363 lam
263 1321 463 1371 ductum,
509 1320 805 1377 praedatorem
843 1323 1042 1362 avaritiae
1078 1322 1370 1363 tantummodo
1413 1329 1454 1363 et
1490 1322 1683 1364 luxuriae
1721 1336 1824 1364 suae
1864 1323 2072 1363 inservire
2108 1322 2301 1365 affirmat.

139 1390 432 1431 Veruntamen
474 1388 674 1430 Tibullus
714 1403 761 1430 se
798 1388 968 1431 divitem
1008 1403 1101 1430 esse
1141 1395 1288 1444 optat,
1333 1388 1407 1431 ille
1444 1388 1586 1431 rivalis
1624 1389 1744 1431 dives
1776 1396 1858 1431 est:
1893 1389 1993 1431 inde
2022 1403 2161 1436 novae
2194 1391 2302 1439 irae;

141 1455 299 1512 quibus
340 1470 545 1498 accensus
583 1462 712 1511 poeta
752 1462 793 1497 et
830 1456 1044 1498 hominem
1081 1458 1204 1498 istum
1240 1455 1438 1498 omnibus
1476 1455 1677 1512 precibus
1715 1456 1854 1509 (conf.
1885 1455 2031 1498 Valer.
2065 1455 2158 1499 Cat.
2189 1456 2302 1499 diras

139 1538 208 1566 w.
241 1525 269 1565 8
299 1522 412 1579 sqq.)
445 1523 679 1565 detestatur
710 1530 752 1565 et
781 1526 870 1564 ruri
899 1525 979 1579 ipsi
1009 1537 1293 1579 agrorumque
1324 1525 1458 1579 copiis
1488 1530 1733 1574 succenset,
1767 1525 1927 1579 quippe
1950 1522 2116 1579 'quibus
2145 1524 2302 1566 factum

140 1593 215 1641 sit,
246 1599 293 1632 ut
322 1593 516 1633 Nemesis
545 1591 627 1632 sibi
657 1590 956 1632 abduceretur.
1009 1590 1150 1632 Vilem
1180 1593 1310 1646 igitur
1338 1594 1574 1646 priscorum
1605 1591 1821 1632 hominum
1848 1593 2003 1633 victum
2033 1591 2300 1647 cultumque,

141 1658 376 1701 dummodo
417 1658 729 1700 consuetudine
765 1657 937 1714 puellae
973 1658 1056 1700 frui
1101 1660 1181 1714 ipsi
1216 1658 1365 1708 liceat,
1407 1659 1523 1700 omni
1549 1656 1750 1699 *lautitiae
1787 1660 1854 1699 isti
1893 1660 2140 1713 anteponit;
2178 1659 2300 1713 quin,

139 1726 225 1768 hoc
264 1734 309 1768 ut
347 1733 628 1782 assequatur,
676 1741 731 1767 ne
779 1726 1041 1767 durissimam
1083 1725 1256 1780 quidem
1302 1727 1545 1766 servitutem
1584 1726 1742 1766 servire
1786 1731 1961 1766 recusat.
2031 1726 2128 1771 Hoc
2168 1724 2300 1768 modo

140 1794 245 1836 haec
277 1794 378 1835 mihi
405 1794 575 1849 quidem
606 1796 717 1835 inter
746 1808 791 1835 se
821 1792 1022 1834 videntur
1053 1792 1282 1834 cohaerere
1320 1794 1389 1844 (at
1421 1792 1532 1833 conf.
1566 1791 1732 1848 Grupp.
1764 1791 1790 1833 l.
1820 1791 1846 1834 l.
1877 1807 1917 1847 p.
1947 1793 2047 1845 99.).
2078 1815 2132 1824 —-
2163 1807 2201 1834 V.
2231 1793 2299 1835 61.

140 1862 211 1904 At
241 1860 317 1903 tibi
345 1860 460 1903 dura
480 1876 632 1919 seges,
665 1860 893 1903 Nemesim
917 1863 990 1916 qui
1010 1858 1193 1902 abducis
1224 1859 1277 1901 ab
1300 1858 1426 1909 urbe,
1456 1859 1693 1901 Persolvat
1720 1859 1846 1901 nulla
1866 1861 2033 1901 semina
2055 1865 2178 1902 certa
2186 1858 2300 1913 fide.

142 1928 215 1970 Sic
242 1927 362 1970 dedit
392 1929 699 1970 Lachmannus.
759 1929 847 1969 Pro
878 1930 951 1983 qui
986 1929 1030 1968 in
1061 1926 1153 1968 aliis
1183 1925 1303 1968 libris
1334 1929 1550 1982 reperitur
1580 1942 1693 1984 quae
1725 1934 1767 1968 et
1796 1919 1982 1968 itasinde
2013 1926 2067 1969 ab
2091 1926 2206 1970 Aldo
2237 1927 2300 1970 di-

140 1995 358 2052 vulgatum
388 1997 444 2037 ait
476 1996 791 2037 Lachmannus:
820 2009 900 2051 pro
931 1994 1114 2036 abducis
1140 1994 1295 2049 legitur
1323 1997 1366 2035 in
1398 1994 1533 2036 codic.
1563 1994 1741 2036 Parisin.
1771 1993 1969 2036 abducit:
2004 2001 2127 2037 certa
2157 1995 2302 2037 Puccii

143 2071 225 2114 est,
257 2065 299 2104 in
332 2063 423 2105 aliis
453 2065 590 2118 iisque
619 2062 746 2104 bonis
776 2061 894 2103 libris
914 2062 1068 2117 legitur
1088 2068 1224 2103 terra.
1262 2060 1558 2103 Memorabilis
1582 2061 1766 2117 denique
1787 2063 2032 2105 coniectura
2054 2069 2116 2104 est
2135 2062 2301 2105 Heinsii

145 2131 290 2182 Ceres.
349 2132 443 2173 Hac
478 2131 605 2186 igitur
641 2129 936 2171 emendatione
966 2131 1094 2171 ascita
1125 2130 1355 2183 variaeque
1387 2130 1623 2184 scripturae
1655 2128 1827 2171 delectu
1859 2127 2005 2171 habito
2034 2129 2230 2184 Heynius
2258 2136 2301 2172 et

140 2199 369 2241 Dissenius
389 2198 546 2239 haecce
565 2199 948 2239 concinnaverunt:
978 2198 1047 2238 At
1070 2196 1166 2246 tibi,
1198 2195 1313 2238 dura
1335 2197 1487 2245 Ceres,
1515 2195 1741 2238 Nemesim
1763 2210 1878 2252 quae
1902 2194 2089 2238 adducis
2111 2195 2164 2238 ab
2192 2195 2300 2238 urbe

141 2266 381 2308 Pers-olvat
410 2265 536 2306 nulla
565 2267 734 2307 semina
764 2272 888 2306 terra
907 2263 1037 2318 fide:
1079 2263 1236 2319 quibus
1267 2266 1478 2305 consentit
1508 2263 1752 2304 Huschkius
1773 2296 1782 2313 ,
1820 2263 1900 2304 nisi
1938 2262 2055 2317 quod
2085 2261 2298 2305 Nemesin

141 2334 318 2387 scripsit.
375 2331 603 2387 Agitedum
631 2346 679 2372 ea
717 2330 954 2386 diligentius
985 2330 1314 2372 consideremus.
1376 2329 1581 2387 Segetem
1612 2343 1737 2385 saepe
1765 2343 1845 2384 pro
1877 2342 1997 2385 agro,
2027 2330 2101 2383 qui
2131 2331 2300 2370 conseri

141 2402 292 2455 possit,
321 2401 504 2454 positum
537 2412 630 2439 esse
659 2411 784 2439 nemo
818 2400 995 2453 ignorat.
1035 2397 1146 2439 conf.
1174 2399 1299 2439 Voss.
1325 2396 1379 2438 ad
1407 2398 1526 2451 Virg.
1552 2396 1710 2452 Georg.
1738 2396 1813 2438 IV.
1842 2396 1887 2445 1,
1915 2395 2006 2436 29.:
2044 2409 2125 2436 nec
2152 2396 2299 2450 pecori

142 2473 385 2523 opportuna
427 2479 546 2521 seges
576 2479 656 2507 nec
685 2464 907 2506 commoda
938 2465 1120 2506 Baccho.
1170 2464 1254 2506 vid.
1284 2478 1412 2520 supra
1440 2463 1471 2504 1.
1498 2464 1546 2514 9,
1576 2463 1643 2504 35.
1705 2463 1832 2504 Dura
1870 2464 1996 2519 igitur
2030 2476 2147 2518 seges
2185 2462 2299 2504 foret

141 2533 304 2576 durum
335 2548 516 2574 arvum:
554 2532 671 2588 quod
707 2534 743 2574 si
771 2534 945 2588 proprie
976 2533 1131 2574 dictum
1164 2541 1254 2583 est,
1293 2532 1397 2588 quid
1427 2539 1583 2581 sonet,
1621 2531 1876 2587 intelligitur.
1938 2532 2079 2586 Atque
2109 2530 2297 2586 Vulpius

141 2601 363 2656 epitheton
396 2600 510 2642 dur-a
541 2606 660 2655 putat
689 2606 919 2654 propterea
947 2599 1180 2649 delectum,
1211 2607 1258 2641 ut
1289 2606 1420 2649 esset,
1452 2598 1571 2654 quod
1601 2606 1896 2654 opponeretur
1924 2604 2079 2640 tenero
2097 2597 2297 2640 Baccho:

140 2668 195 2710 de
225 2682 309 2723 qua
338 2682 384 2708 re
412 2668 637 2708 Dissenius
671 2666 783 2719 (vid.
809 2668 900 2707 eius
935 2673 1075 2708 annot.
1099 2666 1152 2708 ad
1173 2667 1211 2707 h.
1235 2666 1282 2718 l.)
1313 2666 1436 2708 valde
1468 2665 1675 2707 dissentit.
1723 2664 1906 2720 Vulgata
1937 2667 2143 2720 scriptura
2173 2671 2297 2708 terra

141 2750 237 2776 cum
270 2734 411 2776 verbis
442 2733 557 2775 dura
586 2747 717 2791 seges
748 2733 966 2774 conciliari
995 2735 1162 2789 nequit;
1195 2733 1298 2789 quid
1329 2735 1439 2775 enim
1468 2734 1597 2782 istuc,
1629 2731 1743 2773 dura
1764 2745 1894 2789 seges
1918 2731 2150 2787 persolvat
2170 2732 2298 2774 nulla

140 2804 309 2844 semina
340 2808 463 2843 terra
479 2799 606 2854 fide?
650 2799 785 2855 Quod
815 2814 910 2841 cum
939 2807 1047 2842 esset
1076 2801 1364 2851 manifestum,
1396 2801 1596 2842 Heinsius
1628 2799 1865 2841 emendavit
1898 2799 2048 2841 Ceres:
2077 2801 2194 2855 atqui
2222 2814 2300 2841 ne-

141 2870 326 2911 cessario
346 2869 455 2909 hanc
479 2868 599 2909 deam
621 2867 1031 2910 commemorandam
1053 2867 1203 2919 fuisse,
1231 2867 1454 2910 Dissenius
1476 2873 1519 2908 et
1542 2866 1763 2922 Gruppius
1789 2872 2066 2915 censuerunt;
2093 2865 2298 2922 subsequi

142 2938 253 2978 enim
281 2949 439 2978 nomen
467 2935 648 2987 Bacchi,
679 2949 774 2991 cum
804 2948 893 2991 quo
925 2933 1058 2979 Ceres
1087 2940 1424 2991 componeretur.
1472 2933 1644 2976 Duram
1673 2933 2064 2978 autemDissenius
2094 2934 2298 2976 existimat

2336 1915 2439 1981 1·an
