2462 3112
1183 117 1273 157 'XV

155 245 331 302 §putre
358 243 613 297 interpretes
638 239 754 281 inter.
774 250 822 279 se
853 235 1127 278 dissentiunt:
1157 246 1339 289 quorum
1369 229 1439 274 alii
1459 228 1593 272 verba
1620 243 1766 288 vagus
1796 262 1807 272 .
1824 261 1834 272 .
1850 261 1861 272 .
1891 243 1972 272 aer
2000 243 2095 272 cum
2123 227 2306 273 vocibu

154 313 327 371 psam
344 306 713 364 flboesiungeuda
741 311 934 347 censent:
965 302 1038 346 alii
1068 309 1215 345 contra
1244 299 1357 352 (vid.
1379 300 1521 356 Heyn.
1546 297 1599 341 ad
1625 297 1665 340 h.
1683 297 1741 351 εΙ.)
1769 297 1834 340 his
1861 299 1964 354 ipsis
1991 297 2307 341 verbis-locum

154 394 217 423 ao
239 377 455 437 regionem
485 373 875 432 putantdesignari
893 405 904 423 ,
940 370 1017 414 ubi
1050 370 1196 412 aether
1231 371 1379 425 igneus
1408 370 1563 424 passim
1593 367 1714 409 fluat.v
1759 368 1819 409 At
1855 367 1902 409 id
1938 369 2076 423 ipsum
2101 368 2201 410 satis
2231 365 2308 410 de-

158 444 518 492 dantnrdverbis
545 442 648 486 huic
678 447 943 486 contextus:
973 438 1131 482 deinde
1158 452 1251 479 cum
1282 436 1456 487 aether,
1486 450 1575 478 non
1605 435 1680 478 ubi
1710 449 1784 477 aer
1813 450 1987 491 surgere
2015 437 2189 488 nititur,
2220 434 2307 478 >sed

156 514 485 575 qphialtissime
514 514 658 556 enisus
687 519 768 562 est,
798 510 922 559 fluat,
950 510 1056 550 mire
1080 507 1236 550 dictum
1262 505 1375 547 foret
1402 520 1490 562 qua
1518 505 1905 562 surgerenititur.
1943 502 2046 559 Qua
2075 503 2131 547 de
2158 517 2309 547 caussa

155 581 653 640 ulteru‘fflpiniomulto.
682 586 746 622 est
780 576 1062 636 probabilior.
1115 575 1257 631 Quam
1292 576 1329 616 si
1361 581 1580 623 tenemus,
1616 573 1919 629 consequitur,
1955 578 2004 614 ut
2032 574 2310 616 assentiamur

157 652 343 696 {binde
363 684 374 702 ,
409 652 484 707 qui
519 656 570 692 ut
598 662 743 706 vag-us
770 647 852 703 legi
881 648 1011 689 iussit.
1063 644 1124 687 Ut
1151 645 1382 699 repositum
1413 641 1549 684 voluit
1579 642 1703 683 etiam
1732 641 1930 691 Puccius,
1960 639 2040 683 sed
2066 649 2164 699 post
2180 640 2310 692 huic,

102 757 106 760 Δ
155 720 381 778 φοᾶμοεῒ-
406 721 451 761 in
483 717 616 760 altero
636 731 785 759 versu.
835 715 1056 758 Alterutro
1087 715 1131 755 in
1160 711 1260 754 loco
1291 717 1341 753 ut
1369 710 1451 767 legi
1479 723 1656 751 necesse
1685 716 1760 751 est.
1808 709 1858 752 Id
1886 708 2078 766 postulat
2105 710 2310 753 orationis

159 789 439 832 concinnitas.
467 787 634 838 Etenim
664 787 734 835 iis,
764 798 876 840 quae
907 782 1054 840 paullo
1084 788 1182 823 ante
1211 779 1427 836 leguntur,
1455 778 1599 836 qualis
1627 783 1672 820 et
1695 777 1861 835 qualis,
1890 777 2152 834 respondent
2181 784 2232 822 ut
2252 802 2307 811 —·

157 863 311 916 uque.
348 856 631 899 »Necessario
671 856 794 896 etiam
838 850 1108 894 scribendum
1150 855 1211 891 est
1245 863 1273 890 α
1315 849 1467 890 terris:
1507 861 1618 903 quae
1655 854 1719 888 est
1754 846 1917 888 Barthii
1954 849 2205 890 coniectura
2237 847 2310 891 vel

161 925 424 975 emendatio,
460 921 685 979 repudiata
715 937 738 963 a
767 923 926 964 Vossio
957 927 1000 962 et
1026 917 1251 960 Huschkio
1270 950 1280 968 ,
1317 915 1499 973 probata
1533 930 1582 957 ac
1609 914 1774 957 firmata
1804 930 1830 957 a
1858 915 2073 959 Dissenio.
2121 917 2172 959 In
2198 930 2309 960 voce

159 1004 261 1053 'aa
281 994 426 1036 nescio
458 990 685 1048 quomodo
710 992 833 1033 etiam
862 1003 978 1031 nunc
1005 987 1176 1030 haereo.
1207 986 1387 1028 fortasse
1413 984 1639 1040 legendum
1671 990 1755 1025 est:
1791 984 1853 1026 Ut
1871 998 2001 1041 vagus
2030 999 2055 1026 a
2083 986 2207 1028 terris
2235 986 2312 1042 qui

160 1066 338 1120 'surgere
368 1063 516 1104 nititur
544 1074 638 1101 aer:
675 1058 728 1101 de
757 1065 906 1100 natura
939 1059 1049 1099 enim
1080 1058 1208 1106 aene,
1238 1069 1326 1096 non
1358 1053 1412 1096 de
1441 1053 1541 1095 loco
1569 1059 1739 1109 poetam
1768 1051 1890 1109 loqui
1918 1052 2112 1096 arbitror.
2151 1052 2308 1097 Cetera

160 1131 300 1190 plana
322 1136 439 1172 suntae
459 1129 625 1187 passim
656 1134 720 1169 est
748 1127 864 1174 {lm-&a
894 1124 971 1169 καὶ
999 1125 1116 1173 {vna
1145 1123 1281 1176 (nach
1312 1121 1426 1164 allen
1455 1122 1602 1164 Seiten
1632 1121 1734 1173 hin)
1769 1127 1898 1177 atque
1917 1121 2071 1173 fluere
2105 1121 2161 1164 de
2189 1130 2312 1166 utro-

160 1214 251 1259 que
275 1207 322 1243 et
349 1202 450 1241 aere
480 1204 522 1240 et
550 1197 722 1239 aethere
750 1195 852 1246 dici,
883 1197 964 1237 iam
995 1210 1043 1236 ex
1072 1194 1275 1235 Lucretio
1307 1199 1348 1234 et
1370 1191 1585 1234 Cicerone
1616 1191 1828 1246 cognitum
1859 1196 1934 1232 est.
1957 1214 2007 1221 —
2036 1204 2104 1233 w.
2133 1190 2190 1233 25
2217 1204 2311 1249 sqq.

162 1269 235 1312 'At
269 1265 565 1327 quodcunque
596 1279 722 1306 meae
758 1269 975 1321 poterunt
1009 1261 1176 1305 audere
1209 1261 1447 1310 Camenae,
1485 1274 1564 1303 seu
1588 1259 1665 1302 tibi
1687 1275 1774 1317 par
1799 1265 2014 1316 poterunt
2031 1291 2045 1311 ,
2082 1275 2161 1303 seu
2191 1257 2316 1319 quod

159 1334 274 1396 ἓρεε
293 1335 445 1379 abnuit
474 1333 596 1376 ultra
623 1335 715 1376 sive
743 1335 886 1375 minus
915 1333 1153 1389 (certeque
1182 1335 1345 1373 canent
1371 1331 1566 1381 minus),
1598 1343 1729 1371 omne
1756 1343 1967 1371 vovemus
1996 1327 2098 1371 Hoc
2127 1327 2204 1370 tibi
2229 1343 2312 1372 nec

163 1411 294 1450 tanto
333 1409 488 1448 careat
516 1400 620 1443 mihi
655 1403 848 1444 carmine
878 1399 1047 1443 charta.
1095 1400 1315 1456 Descripsi
1343 1406 1477 1441 totum
1514 1397 1654 1439 locum
1673 1430 1684 1448 ,
1725 1411 1812 1452 quo
1853 1396 2051 1453 equidem
2085 1396 2190 1439 nihil
2224 1396 2315 1440 vidi

160 1472 379 1517 horridius
409 1479 452 1513 et
479 1471 676 1526 ineptius.
707 1472 849 1525 Atque
879 1469 986 1511 haec
1014 1468 1206 1511 effutisse
1237 1466 1478 1517 Tibullum,
1516 1465 1675 1507 scilicet
1703 1467 1902 1507 tironem!
1944 1467 2103 1508 Verum
2142 1481 2218 1523 age
2256 1465 2312 1510 de

157 1540 338 1598 singulis
367 1541 448 1581 iam
477 1537 713 1580 videamus!
744 1536 831 1579 Seu
861 1536 936 1579 tibi
961 1551 1049 1593 par
1071 1542 1297 1596 poterunt.
1336 1534 1448 1577 haud
1480 1533 1613 1576 dubie
1650 1549 1735 1591 par
1770 1540 1986 1589 poterant
2014 1534 2098 1576 hoc
2132 1534 2231 1576 loco
2257 1536 2314 1577 si—

162 1609 338 1667 gnificat
365 1615 413 1651 te
439 1606 713 1664 aequabunt,
743 1608 832 1647 sive
862 1611 1056 1656 tantum,
1087 1610 1300 1662 quantum
1331 1610 1399 1655 tu,
1430 1602 1650 1645 valebunt.
1683 1601 1776 1644 Tibi
1806 1610 1945 1644 autem
1968 1602 2174 1659 explicant
2194 1603 2315 1646 factis

158 1680 251 1722 tuis
271 1682 351 1719 ant
372 1677 539 1718 meritis
569 1689 623 1716 ac
643 1672 847 1716 laudibus
869 1676 967 1716 tuis.
999 1675 1051 1716 At
1073 1686 1310 1729 pronomen
1340 1679 1390 1714 tu
1420 1678 1493 1713 aut
1521 1670 1735 1712 hominem
1763 1672 1920 1726 ipsum,
1949 1685 2075 1727 quem
2096 1673 2190 1727 quis
2209 1670 2316 1713 allo-

159 1748 336 1804 quitur,
364 1744 522 1786 indicat
550 1750 642 1793 aut,
672 1742 715 1784 id
746 1742 865 1798 quod
896 1742 1138 1797 saepissime
1169 1739 1217 1781 fit
1245 1741 1289 1781 in
1321 1736 1711 1795 comparationibus
1729 1771 1740 1788 ,
1768 1752 1849 1794 pro
1880 1740 1931 1780 iis
1960 1737 2093 1780 rebus
2121 1740 2316 1795 ponitur,

162 1828 278 1872 quae
305 1812 524 1870 profectae
554 1811 608 1852 ab
649 1811 784 1852 altero
815 1825 908 1852 cum
940 1809 1113 1852 alterius
1142 1807 1273 1849 rebus
1303 1807 1610 1858 conferuntur,
1649 1806 1768 1849 velut
1801 1810 1837 1849 si
1868 1808 2065 1850 Isocratis
2097 1809 2316 1851 orationes

160 1897 262 1926 cum
293 1883 423 1938 Lysia
454 1886 765 1935 comparantur.
820 1879 967 1934 ltaque
995 1875 1129 1918 verba
1159 1876 1231 1918 illa
1261 1883 1439 1917 sonant:
1480 1878 1568 1918 sive
1601 1875 1817 1919 Camenae
1854 1891 1975 1918 meae
2011 1891 2090 1932 par
2117 1878 2200 1918 tuis
2230 1875 2318 1920 Ca-

162 1953 299 1994 menis
327 1955 543 2007 poterunt.
593 1947 679 1989 Sed
709 1946 1021 1995 concedamus,
1066 1959 1159 1986 esse
1196 1945 1279 1986 hoc
1314 1943 1411 1987 loco
1449 1959 1535 2000 par
1565 1943 1640 1987 tibi
1667 1950 1881 2002 poterunt
1908 1946 2095 2001 positum
2123 1959 2205 2000 pro
2234 1943 2317 1987 ali-

162 2016 275 2079 qui'd
304 2034 390 2076 par
427 2019 514 2059 tuis
538 2015 684 2070 factis
714 2030 766 2058 ac
799 2013 1029 2065 laudibus,
1055 2012 1175 2069 -quid
1206 2013 1377 2055 tandem
1412 2012 1489 2054 fiat
1518 2014 1568 2054 iis
1588 2045 1599 2062 ,
1641 2027 1750 2068 quae
1779 2020 2018 2068 sequuntur
2036 2046 2047 2064 ,
2078 2013 2204 2055 ultra.
2224 2015 2317 2056 sive

163 2091 346 2132 minus?
384 2087 500 2129 Num
541 2087 660 2127 etiam
693 2083 768 2126 tibi
798 2083 919 2125 ultra
949 2089 1021 2123 aut
1061 2082 1136 2124 tibi
1165 2083 1307 2123 minus
1334 2087 1549 2139 poterunt
1580 2081 1711 2122 latine
1744 2081 1828 2124 dici
1855 2083 2015 2137 possit?
2058 2096 2112 2123 an
2142 2084 2316 2125 omnino

163 2157 227 2201 ab
255 2158 319 2199 his
349 2155 520 2212 quidem
542 2153 685 2195 verbis
711 2151 957 2194 divellamus
979 2152 1221 2207 pronomen
1252 2149 1349 2200 tibi,
1379 2153 1435 2191 ita
1464 2157 1512 2192 ut
1542 2149 1633 2191 sola
1662 2149 1734 2192 illa
1764 2158 1922 2192 restent
1951 2150 2071 2192 ultra
2101 2156 2146 2192 et
2172 2153 2317 2194 minus

161 2228 408 2284 putenam?
449 2224 526 2265 Est
556 2236 659 2263 sane
690 2224 744 2263 ita
775 2220 1028 2262 faciendum.
1059 2219 1230 2269 Video,
1276 2217 1351 2260 sed
1385 2218 1539 2275 ecquid
1569 2218 1632 2260 his
1664 2221 1766 2274 ipsis
1797 2220 2014 2260 insuavius
2045 2222 2134 2262 est?
2174 2220 2317 2276 Atque

163 2304 420 2348 cumsupra
453 2291 622 2340 dixerit,
651 2304 794 2344 neque
825 2288 879 2330 ab
910 2288 1001 2330 aliis
1031 2301 1172 2343 neque
1203 2301 1226 2327 a
1256 2295 1388 2329 semet
1417 2289 1511 2343 ipso
1541 2301 1668 2344 posse
1698 2285 1829 2328 verba
1860 2287 1981 2330 factis
2009 2280 2220 2330 Messalae
2249 2301 2318 2330 ex—

163 2362 366 2418 aequari,
405 2360 478 2415 qui
508 2357 678 2400 tandem
709 2357 804 2398 fieri
833 2358 988 2413 possit,
1019 2363 1066 2398 ut
1096 2357 1278 2397 carmina
1309 2369 1397 2397 non
1427 2356 1559 2398 modo
1590 2363 1894 2412 assequantur,
1936 2355 2012 2398 sed
2042 2359 2164 2398 etiam
2195 2371 2319 2398 exsu-

161 2436 315 2488 perent
346 2441 486 2469 rerum
506 2426 864 2482 magnitudinem?
894 2426 1066 2482 Nempe
1097 2427 1188 2481 ipse
1219 2424 1384 2466 addidit
1414 2424 1538 2481 quod
1561 2440 1662 2482 spes
1691 2424 1864 2475 abnuit,
1892 2427 1984 2467 sive
2003 2427 2147 2467 minus
2177 2431 2318 2467 certe—

163 2512 254 2557 que
281 2501 444 2541 canent
469 2497 622 2536 minus.
682 2497 737 2537 At
777 2494 919 2536 dicere
951 2500 1072 2536 certe
1107 2499 1270 2536 canent
1298 2495 1441 2535 minus
1472 2501 1513 2535 et
1543 2500 1680 2535 tamen
1715 2495 1871 2535 iactare
1904 2508 1983 2535 seu
2015 2492 2090 2534 tibi
2122 2508 2208 2550 par
2233 2507 2316 2551 po-

163 2573 320 2610 mut
343 2566 524 2607 hominis
556 2571 618 2606 est
646 2565 777 2619 inepti
817 2571 857 2605 et
887 2563 1116 2605 delirantis.
1146 2561 1264 2603 Istud
1295 2562 1432 2617 ipsum
1461 2564 1604 2603 minus
1625 2567 1786 2603 canent
1814 2574 1914 2603 num
1942 2562 2135 2617 cuiquam
2160 2562 2318 2619 poterit

164 2632 360 2692 placere?
399 2634 617 2689 Scriptura
648 2631 769 2673 ultro
802 2638 960 2673 tantum
990 2631 1131 2680 abest,
1161 2637 1208 2672 ut
1240 2629 1380 2671 locum
1411 2637 1557 2681 sanet,
1589 2637 1634 2671 ut
1664 2632 1754 2672 eius
1783 2631 1929 2671 vitium
1960 2637 2121 2685 augeat.
2168 2629 2216 2671 V
2213 2644 2318 2673 ove-

164 2715 267 2745 mus
299 2704 403 2757 quin
441 2715 637 2757 germana
674 2702 880 2755 scriptura
917 2702 999 2750 sit,
1033 2713 1121 2741 non
1160 2698 1323 2741 dubito.
1381 2698 1583 2754 Denique
1623 2700 1666 2740 in
1697 2712 1804 2740 voce
1834 2699 2029 2740 carmine
2064 2697 2190 2739 facile
2220 2698 2317 2753 quis

165 2771 350 2813 haereat.
380 2770 547 2811 Etenim
578 2771 613 2811 si
643 2768 824 2818 charta,
862 2775 910 2809 ut
938 2768 1078 2811 multis
1109 2767 1199 2809 aliis
1230 2766 1358 2816 locis,
1393 2769 1579 2822 positum
1622 2774 1731 2808 esset
1769 2781 1848 2822 pro
1885 2768 1980 2822 ipso
2019 2767 2212 2808 carmine
2238 2779 2317 2808 seu

163 2842 356 2896 scripto,
387 2836 531 2890 (velut
553 2836 683 2879 Ovid.
701 2838 827 2878 Trist.
850 2835 933 2887 111,
956 2835 1003 2876 1:
1031 2835 1174 2877 nullus
1202 2837 1242 2876 in
1266 2836 1342 2876 hac
1365 2835 1506 2877 charta
1530 2849 1680 2876 versus
1701 2849 1839 2876 amare
1864 2834 2028 2886 docet),
2049 2832 2168 2875 nullo
2189 2840 2315 2890 pacto

165 2921 250 2950 vox
279 2907 475 2949 carmine
502 2912 611 2946 stare
639 2913 803 2961 posset,
841 2904 918 2946 scd
948 2905 1186 2945 necessario
1221 2902 1446 2958 legendum
1485 2911 1596 2944 esset
1624 2906 1813 2945 nomine.
1861 2904 2023 2945 Verum
2060 2901 2218 2946 charta
2250 2909 2317 2947 est

163 2976 250 3018 hoc
278 2974 378 3017 loco
405 2974 641 3022 materies,
676 2973 718 3014 in
749 2987 832 3028 qua
864 2974 1098 3027 scripturus
1130 2979 1220 3014 erat
1249 2979 1388 3027 poeta.
1424 2978 1598 3013 tantum
1627 2979 1765 3013 autem
1797 2986 1978 3014 carmen
2006 2970 2195 3027 intellige
2225 2986 2316 3015 car·
