2462 3112
1211 121 1295 162 vn

174 239 305 291 ill-s,
339 247 456 297 qun
475 245 605 296 poeta
640 251 771 294 supra
805 236 911 280 dixit
939 251 970 278 a·
995 235 1162 293 Sibylla
1193 237 1367 280 Aeneae
1407 234 1527 278 datas
1567 247 1674 278 esse.
1731 234 1842 278 Mihi
1879 248 2057 292 quoque
2085 248 2339 292 persuasum

173 315 259 360 eat,
285 308 396 362 haec
424 315 520 352 suo·
537 305 638 349 loco
669 312 785 348 mota
813 320 922 348 esse:
951 304 1219 348 subiicienda
1249 311 1370 347 erant
1394 306 1538 346 versui
1558 305 1780 354 vicesimo,
1810 303 1956 346 saltem
1985 305 2186 347 vicesimo
2216 302 2340 347 alteri

175 384 257 421 aut.
278 379 348 419 via
377 373 633 432 aperienda,
668 389 752 430 qua
793 374 1018 417 commode
1046 374 1109 418 ad,
1134 375 1355 429 superiora
1386 375 1525 414 oratio
1557 371 1698 415 redire
1727 379 1888 427 posset.
1947 371 2195 414 Huschkius
2227 371 2340 416 hane

172 443 423 503 'fflfiao‘t‘v
451 442 537 486 ἀπὸ
563 448 650 485 τοῦ
678 448 1006 498 διηγηματικσιῖ
1033 443 1092 491 εἰς
1120 440 1168 484 τὸ
1195 438 1442 497 μιμητικὸν
1462 439 1780 483 memorabilem
1812 440 1924 482 dicit.
1960 439 2187 483 Dissenius
2215 442 2339 484 istam

172 515 489 563 tan-sirionem,
530 520 613 555 tam
642 511 824 554 subitam
856 527 906 554 ac
941 513 1225 567 repentinam,
1260 523 1348 552 non
1378 508 1510 550 modo
1544 522 1635 550 non
1668 508 1971 564 reprehendit,
2011 508 2089 551 sed
2123 507 2342 553 collaudat

172 582 301 625 etiam
331 579 447 633 (vid.
489 582 581 623 eius
622 586 848 627 comment.
877 595 916 635 p.
945 580 1075 632 271.)
1133 578 1348 635 Equidem
1388 576 1544 619 adduci
1573 591 1768 633 nequeo,
1800 585 1846 619 ut
1885 576 2075 628 credam,
2103 591 2129 618 a
2158 575 2340 621 Tibullo

172 650 530 704 compositionem
577 662 719 691 rerum
763 648 846 690 hoc
883 648 1014 690 modo
1051 647 1288 703 neglectam
1334 660 1441 689 esse.
1501 645 1590 688 Sed
1635 645 1690 688 de
1732 646 1812 687 hac
1851 659 1900 687 re
1945 645 2061 688 alias.
2103 668 2158 679 —-
2203 660 2242 688 v,
2270 645 2340 690 40.

172 718 441 761 Amtoritate
475 715 686 761 librorum
716 724 934 772 permotus
967 717 1261 758 Lachmannus
1295 715 1458 758 Troica
1490 729 1569 771 pro
1599 714 1770 770 vulgata
1803 713 1938 757 Troia
1968 717 2175 770 reposuit.
2231 714 2340 757 Pru·-

172 786 328 830 denter
356 786 412 829 de
446 786 526 828 hac
563 801 610 828 re
640 785 927 829 Ruhnkenius
958 786 1012 828 ad
1043 785 1256 827 Velleium
1295 785 1333 835 1,
1363 787 1411 835 5,
1446 785 1474 825 3
1506 786 1738 839 praecepit.
1799 783 1914 826 Vide
1949 786 2073 826 etiam
2104 784 2254 826 Loers.
2282 782 2341 827 ad

173 854 307 897 ovid.
338 854 515 899 Heroid.
556 855 594 905 1,
631 854 700 897 28.
758 855 828 896 De
868 869 914 896 re
951 856 1043 910 ipsa
1074 853 1186 896 conf.
1217 854 1366 895 Horat.
1403 851 1455 895 C.
1486 852 1571 902 IV,
1609 855 1656 903 4,
1699 852 1767 895 53.
1799 877 1852 884 -
1896 868 1935 894 v,
1966 854 2034 895 46.
2089 852 2207 895 Ecce
2236 850 2342 895 mibi

172 923 327 967 lucent
355 922 536 965 Rutulis
567 922 772 967 incendia
804 925 978 965 castris.
1040 924 1160 965 Vere
1189 922 1297 964 vidit
1326 922 1526 977 Heynius
1545 954 1555 971 ,
1585 920 1809 963 Tibullum
1844 920 1967 962 aliam
1999 921 2187 964 fabulam
2217 935 2341 963 secu-

171 1001 262 1037 tu·
293 1007 407 1037 esse:
437 993 492 1035 de
519 1006 604 1048 qua
636 993 715 1033 etsi
743 991 849 1033 nihil
879 990 1007 1033 nobis
1038 997 1300 1046 compertum
1330 997 1420 1040 est,
1461 988 1506 1031 id
1539 997 1679 1032 tamen
1710 998 1775 1032 est
1803 991 2096 1041 manifestum,
2134 988 2341 1034 incendia

171 1077 269 1107 non
291 1077 422 1120 posse
441 1061 581 1115 faces
612 1075 704 1103 esse
733 1075 756 1101 a
778 1060 950 1102 Rutulis
982 1059 1036 1102 ad
1066 1058 1374 1103 incendendam
1405 1058 1584 1101 classem
1605 1061 1779 1101 Aeneae
1808 1065 1991 1114 paratas.
2027 1059 2129 1101 Nec
2156 1073 2341 1102 consen·

171 1139 342 1175 tane-um
383 1137 497 1182 erat,
543 1136 640 1186 post
675 1136 1043 1171 commemoratam
1073 1129 1311 1170 Victoriam
1332 1160 1343 1179 ,
1387 1142 1497 1183 quae
1524 1142 1661 1185 super
1679 1127 1840 1181 fessas
1874 1127 2176 1170 Troianorum
2202 1140 2341 1171 nave-3

171 1199 410 1249 volitat-et,
438 1200 695 1241 mentionem
728 1200 904 1240 iniicere
934 1197 1068 1240 cladis
1095 1196 1149 1238 ab
1180 1196 1327 1239 iisdem
1350 1204 1563 1252 acceptae.
1598 1197 1697 1238 lure
1725 1199 1852 1253 igitur
1881 1212 1905 1238 a
1929 1196 2141 1253 Cyllenii,
2170 1197 2340 1248 Vossii,

172 1267 496 1311 Wunder-lichii
540 1274 581 1310 et
618 1266 829 1309 Huschkii
864 1268 1070 1322 opinione
1115 1265 1311 1308 dissensit
1352 1266 1590 1308 Dissenius.
1660 1265 1880 1308 Sententia
1919 1265 2072 1307 horum
2109 1263 2342 1309 verborum

170 1335 279 1379 haec
309 1343 398 1378 est:
438 1338 520 1378 iam
549 1336 650 1378 mihi
679 1336 835 1378 videor
863 1335 1011 1377 videre
1042 1335 1229 1377 flammas
1267 1336 1311 1376 in
1341 1335 1603 1376 Rutulorum
1638 1337 1784 1376 castris
1815 1334 2047 1376 elucentes.
2105 1333 2228 1376 Nihil
2256 1347 2342 1375 am-

171 1404 286 1462 plius
317 1403 418 1447 dicit
448 1403 633 1461 Sibylla:
661 1411 805 1447 cetera
842 1405 1089 1447 coniectura
1120 1406 1378 1460 assequaris,
1408 1418 1582 1446 necesse
1613 1411 1688 1446 est.
1720 1427 1774 1434 —
1814 1419 1854 1445 V.
1885 1403 1952 1445 53.
1986 1401 2342 1459 Concubitusque

170 1479 278 1516 tuos
286 1471 456 1526 furtim
474 1475 697 1529 vittasque
721 1475 928 1515 iacentes.
974 1474 1158 1515 Vossius
1188 1487 1269 1528 pro
1297 1479 1400 1516 tuos
1421 1471 1549 1515 scribi
1579 1475 1699 1514 iussit
1721 1471 1877 1514 datos:
1909 1479 1952 1514 at
1977 1471 2101 1513 datos
2130 1485 2220 1512 non
2247 1484 2342 1517 esse

172 1541 253 1584 hos
280 1540 555 1591 concubitus,
585 1555 653 1583 res
676 1540 813 1585 docet.
844 1540 1033 1583 Vestalis
1055 1543 1165 1583 enim
1189 1543 1231 1582 vi
1258 1556 1504 1597 compressa
1536 1549 1611 1583 est.
1634 1540 1896 1583 concubitus
1904 1540 2075 1593 furtim
2095 1538 2343 1581 Huschkius

170 1608 332 1652 dictum
370 1615 513 1664 putat,
553 1616 601 1651 ut
637 1623 788 1664 graece
830 1608 876 1652 αἱ
914 1610 1039 1663 οἷ’γαν
1076 1607 1285 1660 σπουδαὶ,
1326 1608 1373 1651 αἱ
1403 1607 1655 1663 παραυτίκα
1690 1606 1861 1661 ἧὸσναὶ,
1891 1608 1972 1650 alia
2007 1608 2051 1650 id
2081 1623 2227 1664 genus.
2283 1608 2343 1650 At

170 1675 278 1720 haec
309 1677 525 1719 differunt.
556 1677 630 1719 Ne
659 1676 767 1718 illud
797 1677 971 1733 quidem
995 1678 1302 1720 Terentianum
1333 1678 1669 1735 semperlenitas
1700 1677 1852 1729 (Andr.
1881 1676 1918 1726 Ι,
1948 1676 1997 1727 2,
2027 1677 2084 1728 4)
2114 1673 2342 1717 commode

172 1747 412 1801 comparari
440 1752 592 1801 potest.
653 1746 836 1800 Propius
877 1745 1089 1788 accedunt
1126 1743 1293 1799 ἀληθὲς
1332 1744 1364 1798 -τῖ
1396 1743 1548 1800 μάτην
1576 1742 1709 1798 λόγος
1742 1743 1964 1800 (Euripid.
1993 1743 2086 1786 Ion.
2114 1743 2247 1796 278);
2277 1744 2343 1784 in-

174 1820 342 1869 ceptum
373 1813 530 1855 frustra
559 1821 648 1855 erat
678 1813 809 1864 (Sall.
839 1812 940 1855 bell.
971 1814 1059 1869 lug.
1090 1828 1124 1856 c.
1153 1815 1207 1866 7)
1245 1816 1506 1869 omninoque
1537 1828 1604 1863 ea,
1648 1827 1758 1868 quae
1788 1814 2000 1867 congessit
2031 1811 2162 1854 Math.
2193 1826 2253 1867 gr.
2279 1825 2341 1868 gr.

173 1881 299 1923 Tom.
330 1880 369 1922 Il
399 1896 441 1937 p.
461 1883 558 1925 612.
590 1884 735 1924 Herm.
768 1882 821 1924 ad
844 1882 1046 1938 Sophocl.
1069 1884 1208 1938 Antig.
1233 1883 1329 1924 633.
1375 1883 1438 1924 lta
1459 1881 1629 1935 furtim
1658 1881 1742 1923 hoc
1770 1880 1869 1923 loco
1900 1880 2058 1923 dictum
2091 1887 2153 1922 est
2182 1880 2342 1922 omisso

170 1951 296 1994 verbi
327 1966 424 1994 esse
450 1952 701 2007 participio,
733 1966 820 2006 quo
852 1965 990 1993 sermo
1032 1950 1186 1993 latinus
1226 1959 1350 1993 caret.
1408 1952 1635 1993 Praeterea
1667 1966 1761 1992 cum
1783 1949 1955 2004 furtim
1984 1949 2165 1992 mediam
2195 1948 2342 1991 sedem

173 2021 439 2064 concubitus
467 2022 580 2062 inter
613 2027 653 2061 et
682 2021 878 2062 iacentes
909 2022 1245 2070 vittasteneat,
1284 2019 1488 2075 quicquid
1518 2026 1651 2062 restat
1682 2019 1962 2069 offensionis,
1993 2017 2254 2061 sublevatur.
2285 2040 2340 2051 —

171 2105 214 2132 v.
242 2089 310 2132 59.
342 2104 429 2147 qua
449 2086 744 2141 fluitantibus
775 2086 906 2130 undis
935 2087 1045 2130 solis
1074 2087 1338 2130 anhelantes
1370 2087 1509 2129 abluit
1539 2090 1681 2130 amnis
1712 2103 1866 2145 aquas.
1905 2088 2133 2144 Perperam
2157 2086 2342 2127 Vossius

174 2157 462 2201 rutilantibus
493 2157 575 2213 legi
603 2158 744 2198 iussit:
775 2156 894 2212 quod
926 2157 1147 2212 epitheton
1177 2146 1259 2199 hoc
1289 2155 1408 2207 loco,
1440 2164 1486 2198 ut
1515 2165 1633 2198 recte
1663 2157 1770 2199 vidit
1801 2157 2045 2207 Dissenius‚
2075 2169 2251 2212 prorsus
2277 2156 2343 2196 in·-

172 2226 281 2269 utilu
315 2234 356 2270 et
383 2239 744 2282 supervacaneum
776 2225 901 2267 foret.
939 2226 1109 2267 Lucret.
1144 2225 1224 2277 111,
1258 2225 1358 2267 190:
1394 2240 1578 2282 namque
1611 2233 1807 2268 movetur
1836 2240 1947 2280 aqua
1979 2232 2020 2267 et
2050 2223 2216 2267 tantillo
2247 2237 2339 2266 mo-

173 2297 290 2337 mine
325 2294 458 2337 flutat.
518 2295 628 2337 Satis
668 2301 757 2344 est,
792 2293 906 2335 hunc
947 2293 1090 2334 locum
1125 2293 1326 2336 attulisse.
1359 2317 1411 2326 -
1451 2294 1614 2336 Amnis
1645 2294 1785 2346 (conf.
1817 2293 1897 2343 ΙΙΙ,
1937 2294 1983 2344 4,
2017 2288 2098 2347 18)
2133 2292 2340 2335 Oceanus

171 2371 267 2414 est,
306 2364 425 2404 cuius
455 2377 611 2405 nomen
641 2362 740 2411 alii,
782 2361 900 2418 quod
939 2376 1018 2417 ego
1057 2364 1213 2413 sciam,
1252 2365 1482 2418 scriptores
1518 2362 1710 2404 addunt:
1755 2363 1837 2404 hoc
1876 2362 1976 2405 loco
2014 2377 2064 2404 ex
2105 2377 2152 2404 re
2187 2363 2340 2418 magis,

172 2445 300 2488 quam
324 2446 371 2474 ex
394 2430 532 2472 verbo
553 2430 820 2485 intelligitur,
848 2431 931 2472 dici
955 2430 1192 2473 Oceanum.
1221 2431 1332 2473 Eum
1356 2447 1529 2474 amnem
1560 2438 1716 2487 poetae
1736 2438 1947 2473 vocarunt
1969 2438 2186 2473 auctorem
2217 2443 2341 2472 suum

173 2514 235 2542 aev
254 2501 486 2556 principem
517 2501 649 2541 secuti
685 2500 930 2541 Homerum.
966 2524 1018 2532 —
1058 2515 1097 2541 v.
1129 2501 1196 2542 61.
1251 2499 1386 2542 Troia
1425 2515 1474 2542 se
1504 2500 1760 2542 mirabitur:
1800 2502 1974 2542 Troiam
2006 2499 2108 2542 dicit
2138 2500 2260 2555 quasi
2289 2511 2341 2540 ex

174 2569 320 2610 cinere
355 2575 674 2622 resurgentem:
713 2574 842 2622 atque
877 2568 921 2609 id
962 2568 1134 2624 quidem
1164 2568 1413 2624 praeclare:
1450 2584 1498 2611 ea
1527 2584 1633 2611 vero
1655 2603 1664 2620 ‚
1703 2584 1812 2625 quae
1851 2575 2090 2625 sequuntur
2116 2567 2226 2609 bene
2259 2565 2343 2609 sibi

172 2648 258 2678 vos
283 2641 374 2677 tam
404 2636 546 2694 longa
575 2637 648 2677 via
679 2635 956 2678 consuluisse
986 2636 1184 2679 conferre
1216 2639 1333 2679 iuvat
1363 2653 1455 2679 cum
1485 2637 1633 2680 verbis
1664 2638 1834 2693 Virgilii
1867 2639 2002 2690 (Aen.
2036 2637 2063 2678 l.
2094 2636 2175 2685 111,
2207 2635 2339 2689 159):

174 2709 223 2745 tu
248 2705 416 2744 moenia
438 2706 604 2759 ,magnis
634 2718 784 2759 magna
816 2718 918 2760 para
950 2704 1209 2762 longumque
1239 2705 1364 2761 fugae
1402 2719 1459 2748 ne
1496 2706 1644 2763 linque
1679 2706 1884 2748 laborem.
1952 2706 2094 2761 Quam
2126 2704 2198 2746 illa
2228 2703 2341 2747 Bene

174 2770 478 2820 consuluisse,
503 2775 538 2813 si
562 2786 657 2814 cum
688 2773 751 2814 his
781 2786 1020 2828 compares,
1050 2776 1192 2816 tenuia
1222 2777 1340 2816 sunt!
1372 2797 1428 2805 --
1458 2790 1496 2816 v.
1527 2776 1594 2816 66.
1621 2777 1805 2816 iactavit
1821 2774 1964 2827 fusas
1995 2780 2040 2815 et
2070 2778 2205 2830 caput
2233 2778 2342 2815 ante

175 2853 341 2882 coma-s.
372 2838 428 2881 de
459 2839 612 2882 ordine
640 2839 874 2883 verborum
900 2844 1064 2884 monuit
1088 2842 1277 2885 Achilles
1300 2842 1480 2884 Statius:
1512 2858 1598 2885 rem
1631 2845 1796 2899 egregie
1826 2842 2057 2884 illustravit
2081 2840 2341 2885 Huschkius.

177 2906 337 2949 Omnia
372 2921 474 2949 sana
512 2915 621 2950 sunt.
647 2907 790 2960 fusas
827 2924 906 2966 per
942 2909 1163 2966 prolepsin
1203 2910 1359 2953 dictum
1398 2917 1461 2952 cst
1496 2925 1576 2967 pro
1613 2925 1764 2953 comas
1802 2912 1865 2952 ita
1908 2911 2111 2961 iactavit,
2148 2915 2200 2952 ut
2235 2915 2343 2953 ante

174 2983 312 3033 caput
329 2974 662 3030 funderentur:
691 2976 848 3031 quibus
881 2977 1026 3020 verbis
1055 2979 1183 3022 facies
1212 2978 1391 3021 furentis
1421 2981 1527 3021 vatis
1559 2978 1812 3035 depingitur.
1848 3002 1902 3011 --
1930 2993 1970 3021 v.
2000 2979 2055 3022 67
2087 2993 2178 3035 sqq.
2213 2977 2341 3033 Quie-
