2462 3112
1194 108 1300 148 XIX

164 225 417 271 ne·›milites
455 225 683 269 incastris
715 225 875 266 stativis
912 224 1002 266 otio
1042 222 1287 266 diffluerent
1324 223 1466 278 (conf.
1497 223 1632 266 Tacit.
1662 222 1818 266 Annal.
1845 223 1888 274 Ι,
1919 223 2028 277 16),
2057 225 2342 280 imperatores

163 296 301 339 fortes
330 309 381 337 ac
408 294 580 336 strenui
602 290 758 334 sedulo
789 291 1016 344 cavebant,
1051 291 1173 335 velut
1203 291 1348 348 Scipio
1379 292 1634 344 Africanus,
1664 294 1738 348 qui
1766 300 1815 334 ut
1845 295 2074 336 exercitum
2104 300 2204 336 ante
2233 293 2334 336 Nu·
2385 315 2390 322 .

165 366 363 407 mantiam
389 361 444 405 ad
473 362 691 418 pristinam
723 349 974 417 disciplinae
1005 361 1272 404 severitatem
1300 369 1543 411 revocaret,
1581 362 1776 412 instituit,
1807 368 1854 403 ut
1883 361 2076 417 quotidie
2105 361 2260 405 milites
2290 364 2337 406 in

166 447 305 492 opere
332 429 523 474 haberet.
561 429 681 486 quod
720 428 834 471 idem
872 429 970 472 fecit
1003 429 1060 486 Q.
1090 429 1296 473 Metellus
1325 431 1370 472 in
1402 430 1546 472 Africa
1565 463 1575 481 ‚
1612 437 1841 486 postquam
1871 430 2018 473 Albini
2056 433 2265 474 exercitus
2295 433 2338 474 ei

165 500 348 545 traditus
379 504 456 541 est.
508 497 864 542 commodissime
896 505 1034 540 autem
1065 499 1164 540 huic
1192 498 1292 540 loco
1330 499 1520 541 conferri
1553 507 1736 555 possunt
1764 513 1836 550 ea,
1875 513 1986 556 quae
2018 499 2165 542 Livius
2193 508 2340 543 narrat

163 567 366 612 L‘xuv
390 582 456 624 cp.
477 566 516 608 3.
537 566 585 608 4:
616 567 863 617 Neminem,
892 567 1048 622 inquit,
1078 568 1180 609 totis
1208 581 1306 609 mox
1337 569 1484 609 castris
1514 567 1713 620 (Aemilii
1735 567 1901 621 Paulli)
1933 570 2126 625 quietum
2146 569 2337 612 videres:

163 651 321 679 acuere
349 634 422 678 alii
450 634 613 692 gladios
634 666 646 684 ,
682 633 753 676 alii
790 634 929 690 galeas
963 633 1280 691 bucculasque,
1315 642 1432 676 scuta
1468 634 1539 677 alii
1577 635 1820 691 loricasque
1856 643 2047 692 tergere;
2086 635 2157 678 alii
2189 643 2337 693 aptare

163 706 340 761 corpori
376 718 492 746 arma
523 704 792 759 experirique
822 702 904 745 sub
934 703 997 745 his
1026 703 1317 745 membrorum
1349 703 1599 760 agilitatem:
1632 712 1811 760 quatere
1841 703 1914 746 alii
1943 704 2047 760 pila,
2077 704 2147 747 alii
2177 708 2334 748 micare

163 773 313 831 gladiis
344 786 677 827 mucronemque
707 773 895 822 intueri,
936 779 984 814 ut
1011 772 1137 814 facile
1168 775 1264 828 quis
1294 780 1516 824 cerneret,
1556 771 1631 815 ubi
1659 775 1840 829 primum
1874 773 2133 816 conserendi
2161 788 2333 817 manum

164 856 262 885 cum
290 842 413 884 hoste
443 840 543 883 data
575 841 746 883 occasio
779 847 915 890 esset,
957 848 1030 883 aut
1059 843 1235 883 victoria
1265 844 1430 898 egregia
1461 849 1532 883 aut
1560 849 1698 884 morte
1727 841 1994 884 memorabili
2024 843 2206 884 inituros
2239 841 2337 885 bel-

164 909 264 953 lum.
309 910 433 952 Haec
462 911 590 966 igitur
616 908 793 951 militum
826 909 965 951 studia
994 911 1038 951 in
1066 912 1213 951 castris
1239 924 1334 951 cum
1366 917 1439 952 aut
1469 911 1752 952 excitarentur
1780 912 2047 966 imperatoris
2077 912 2231 953 virtute
2260 918 2336 954 aut

163 979 319 1021 inertia
355 979 446 1019 eius
474 977 854 1033 refrigerarentur,
892 984 1022 1033 poeta
1052 976 1193 1019 locum
1223 977 1304 1020 sibi
1334 977 1479 1020 datum
1510 978 1615 1021 vidit
1645 978 1922 1035 digrediendi.
1970 978 2096 1034 Quae
2127 979 2335 1036 digressio

165 1047 245 1088 ets'i
272 1047 430 1096 nimia,
470 1060 555 1102 qua
584 1052 713 1101 poeta
752 1059 855 1086 usus
886 1052 978 1096 est,
1018 1044 1230 1101 diligentia
1265 1045 1503 1088 molestiam
1543 1054 1687 1098 creat,
1722 1061 1745 1088 a
1784 1045 1914 1088 laude
1951 1054 2090 1088 tamen
2120 1048 2335 1091 Messalae

165 1129 256 1158 non
285 1114 425 1157 aliena
453 1120 528 1156 est.
574 1113 712 1156 Aliter
739 1116 868 1155 sentit
896 1113 1136 1156 Dissenius.
1168 1129 1294 1170 quem
1324 1114 1423 1157 vide
1454 1113 1508 1156 ad
1538 1115 1577 1157 h.
1607 1114 1634 1157 l.
1665 1139 1719 1148 ——-
1764 1130 1802 1157 v,
1833 1115 1901 1156 91.
1947 1115 2189 1157 celeremve
2219 1121 2337 1159 arto.

165 1183 274 1226 haec
301 1182 471 1240 vulgata
500 1184 711 1239 scriptura
742 1189 823 1233 est,
855 1197 982 1239 quam
1011 1183 1091 1223 viri
1120 1181 1238 1224 docti
1269 1197 1415 1225 omnes
1446 1182 1499 1225 ad
1526 1198 1657 1225 unum
1685 1185 1939 1226 reiecerunt.
1968 1184 2219 1240 Ayrmanno
2244 1183 2334 1240 pla·

166 1255 255 1296 cuit
283 1251 581 1310 celeremque:
610 1250 657 1293 id
685 1250 838 1293 melius
869 1265 983 1302 esse,
1014 1266 1138 1307 quam
1170 1251 1434 1302 celeremve,
1465 1259 1701 1307 comparet:
1732 1259 1860 1308 atque
1881 1253 2079 1308 Heynius
2108 1266 2198 1294 non
2225 1254 2337 1295 veri·

164 1328 234 1364 tus
266 1328 351 1372 est,
381 1322 634 1377 Ayrmanno
656 1321 869 1361 assentiri:
900 1327 942 1361 at
962 1319 1097 1362 multo
1127 1319 1328 1362 subtilius
1358 1319 1563 1361 iudicavit
1582 1320 1823 1362 Dissenius.
1853 1320 1959 1362 vidit
1988 1323 2098 1362 enim
2125 1319 2336 1363 celerem-

166 1404 254 1448 que
283 1388 414 1432 scribi
441 1403 531 1431 non
560 1391 775 1445 potuisse,
806 1403 901 1430 cum
925 1387 1060 1430 tardo
1092 1390 1136 1430 in
1166 1387 1299 1430 altera
1325 1394 1447 1444 parte
1476 1389 1711 1429 sententiae
1731 1389 1964 1444 principem
1994 1387 2136 1430 locum
2158 1396 2336 1432 teneret.

167 1457 360 1501 Omnino
395 1457 585 1501 celerem
611 1456 885 1499 Lachmauno
921 1464 964 1499 et
992 1456 1196 1499 Dissenio
1230 1463 1474 1512 suspectum
1504 1463 1581 1497 est.
1629 1456 1685 1499 Et
1721 1456 1955 1499 iniucunda
1985 1472 2088 1499 sane
2121 1465 2184 1500 est
2213 1460 2333 1501 vocis

165 1525 313 1584 paullo
348 1541 479 1582 supra
512 1527 680 1582 positae
715 1527 940 1581 repetitio:
962 1524 1051 1588 ¹sed
1081 1539 1225 1581 neque
1256 1524 1310 1567 ab
1340 1527 1422 1567 isto
1452 1531 1580 1582 poeta
1611 1524 1844 1582 quidquam
1875 1525 1929 1568 ad
1959 1540 2143 1582 unguem
2174 1526 2339 1583 expoli-

165 1602 256 1638 tum
285 1596 391 1651 exigi
421 1601 566 1651 potest
596 1600 640 1635 et
673 1593 828 1635 accidit
857 1593 969 1635 idem
999 1592 1089 1635 aliis
1118 1594 1256 1650 iisque
1279 1594 1528 1636 melioribus
1554 1593 1846 1650 scriptoribus.
1875 1594 2070 1637 Difficile
2101 1602 2165 1637 est
2195 1604 2338 1638 autem

167 1665 409 1720 excogitare
441 1662 622 1719 aliquid,
663 1662 784 1718 quod
815 1661 950 1704 tardo
982 1664 1121 1718 aptius
1152 1671 1410 1719 opponatur.
1462 1663 1572 1705 Mihi
1601 1663 1644 1705 id
1672 1677 1803 1704 unum
1831 1677 2081 1719 persuasum
2114 1672 2194 1715 est,
2222 1664 2336 1707 male

165 1731 424 1775 inculcatum
456 1746 551 1773 esse
581 1746 646 1773 ve.
675 1730 770 1772 Itali
796 1732 1077 1773 coniecerunt
1102 1737 1301 1774 arctato:
1332 1731 1452 1789 quod
1473 1746 1551 1773 cur
1578 1738 1803 1788 tantopere
1823 1731 2026 1774 Disseuio
2054 1732 2339 1789 displicuerit,

166 1813 260 1843 non
296 1801 513 1857 perspicio
557 1799 698 1852 (conf.
738 1798 967 1841 Doderlin.
1004 1814 1235 1855 synonym.
1275 1801 1398 1842 Tom.
1429 1800 1494 1842 IV
1523 1815 1564 1857 p.
1595 1800 1678 1842 431
1708 1802 1821 1856 sqq.)
1861 1800 1993 1844 ovid.
2032 1801 2210 1844 Remed.
2243 1803 2337 1844 Am.

165 1868 281 1911 396:
322 1867 503 1911 attrahe
535 1867 631 1910 lora
670 1867 852 1909 Fortius,
886 1874 928 1909 et
963 1881 1073 1923 gyro
1109 1882 1234 1910 curre
1272 1875 1401 1924 poeta
1441 1876 1531 1911 tuo.
1570 1892 1625 1901 —·
1668 1883 1708 1911 v.
1738 1869 1806 1911 93.
1853 1868 2025 1912 directo
2065 1869 2340 1913 contendere

163 1951 316 1995 passu.
364 1936 588 1979 Dissenius
615 1950 754 1992 passu
780 1941 940 1977 tuetur.
975 1943 1092 1977 recte
1130 1937 1240 1978 enim
1273 1935 1491 1979 directum
1527 1953 1713 1995 passum
1743 1937 1923 1995 obliquo
1964 1941 2063 1995 equi
2099 1941 2144 1981 in
2182 1954 2338 1996 gyrum

167 2008 250 2048 acti
287 2006 462 2062 opponi.
522 2006 666 2061 Atque
701 2018 866 2061 passus
902 2011 944 2046 et
981 2004 1128 2046 tardus
1167 2012 1209 2046 et
1240 2004 1418 2061 rapidus
1457 2013 1548 2057 est,
1582 2005 1702 2049 velut
1737 2005 1836 2049 lecti
1869 2007 1929 2049 illi
1960 2007 2076 2063 apud
2110 2007 2339 2063 Virgilium

163 2080 364 2118 oratores
393 2070 562 2130 rapidis
589 2071 796 2130 passibus
815 2071 1043 2125 feruntur
1074 2080 1117 2115 et
1151 2073 1349 2115 Atalanta
1379 2074 1496 2130 apud
1526 2074 1730 2117 Ovidium
1759 2091 1897 2133 passu
1926 2076 2055 2119 volat
2085 2076 2203 2119 alite.
2251 2075 2341 2120 Sed

166 2144 329 2186 citatus
348 2141 422 2184 vel
450 2141 579 2183 velox
609 2156 759 2197 passus
790 2141 882 2183 fere
911 2141 1090 2183 hominis
1119 2149 1204 2183 est:
1236 2143 1356 2198 equi,
1388 2141 1463 2184 ubi
1494 2144 1698 2196 citantur,
1728 2150 1932 2187 currunt.
1975 2145 2074 2186 Hoc
2102 2147 2231 2202 igitur
2258 2159 2341 2188 no·-

166 2213 282 2254 mine
312 2225 447 2254 cursu
478 2211 633 2252 rectius
667 2209 864 2252 videatur
898 2208 1009 2261 dici,
1051 2225 1179 2266 quam
1208 2226 1358 2269 passu.
1407 2211 1503 2253 Nec
1530 2218 1669 2254 tamen
1705 2211 1750 2254 id
1781 2215 1884 2255 tanti
1917 2215 2106 2256 existimo
2141 2229 2260 2265 esse,
2291 2220 2342 2258 ut

169 2279 402 2336 quidquam
437 2286 588 2321 contra
615 2280 908 2321 auctoritatem
925 2278 1145 2321 librorum
1167 2286 1366 2322 mutetur.
1399 2279 1544 2323 Citato
1567 2295 1681 2338 equo
1704 2280 1979 2324 contendere
2007 2281 2170 2324 locutio
2198 2280 2340 2338 proba

170 2354 238 2390 est
271 2353 314 2390 et
341 2347 555 2404 frequens.
604 2348 660 2390 At
692 2346 806 2389 idem
844 2349 887 2389 in
926 2350 1122 2403 sequenti
1151 2363 1280 2391 versu
1318 2350 1503 2405 positum
1541 2363 1634 2391 esse
1654 2383 1664 2400 ‚
1702 2351 1784 2391 viri
1821 2349 1937 2392 docti
1972 2364 2097 2406 aegre
2134 2349 2340 2392 tulerunt.

170 2415 363 2473 Operam
393 2417 520 2472 igitur
549 2414 780 2466 dederunt,
809 2422 856 2458 ut
887 2418 1133 2458 coniectura
1162 2431 1402 2472 germanam
1432 2419 1683 2474 scripturam
1715 2420 2001 2461 restituerent.
2040 2417 2341 2463 Broukhusius

168 2486 356 2528 coniecit
386 2482 674 2539 compellere,
717 2483 898 2527 Crusius
928 2491 1214 2535 convertere,
1243 2486 1470 2528 Disaenius
1507 2485 1761 2529 decurrere.
1817 2486 1867 2529 ld
1905 2487 2056 2529 melius
2097 2493 2174 2528 est.
2226 2486 2342 2529 Nam

170 2567 266 2596 cum
296 2549 571 2597 contendere
596 2552 640 2593 in
670 2554 860 2607 proxime
887 2556 1102 2609 superiori
1129 2568 1261 2596 versu
1288 2553 1445 2596 dictum
1476 2556 1547 2605 sit,
1575 2552 1753 2597 verbum
1783 2557 2049 2597 transitivum
2071 2553 2343 2612 compellere

170 2620 243 2663 vel
269 2626 532 2664 convertere
563 2618 618 2661 ad
650 2622 858 2662 orationis
889 2626 1249 2666 constructionem
1275 2624 1412 2665 minus
1438 2631 1584 2680 aptum
1616 2630 1690 2667 est.
1735 2624 1849 2666 Num
1875 2622 2116 2666 decurrere
2137 2625 2342 2679 scriptum

173 2688 329 2739 fuerit,
354 2702 512 2741 necne,
544 2691 639 2745 quis
670 2703 750 2744 pro
779 2695 897 2731 certo
928 2690 1065 2734 dicat?
1104 2691 1319 2748 Equidem
1340 2690 1541 2733 desidero
1562 2690 1762 2743 verbum,
1793 2691 1934 2747 quod,
1965 2698 2013 2733 ut
2043 2693 2099 2732 ita
2130 2691 2288 2743 dicam,
2318 2704 2345 2734 e

173 2759 350 2814 regione
381 2764 628 2812 opponatur
659 2755 795 2799 verbo
830 2758 1116 2802 contendere.
1147 2784 1200 2794 —
1230 2773 1299 2802 W.
1329 2759 1397 2801 95.
1432 2758 1539 2812 Quis
1566 2774 1728 2818 parma
1758 2783 1812 2792 —
1831 2757 2004 2812 funda.
2034 2759 2119 2801 Pro
2150 2756 2344 2817 grandis

173 2827 295 2869 venit
329 2826 769 2882 impetusseperitur
797 2826 842 2867 in
879 2824 999 2870 libris
1039 2830 1163 2870 etiam
1201 2828 1351 2870 veniat
1387 2829 1565 2885 gravis,
1603 2843 1729 2884 quam
1769 2830 2017 2884 scripturam
2050 2827 2344 2871 Lachmannus

177 2892 280 2937 dicit
317 2892 473 2935 idonea
510 2896 761 2936 auctoritate
802 2907 961 2936 carere.
1010 2895 1081 2938 De
1125 2897 1278 2938 ceteris
1314 2894 1484 2938 codices
1519 2897 1631 2937 inter
1668 2910 1714 2938 se
1752 2896 2047 2937 consentiunt:
2083 2902 2126 2938 at
2152 2898 2345 2939 virorum

178 2961 407 3006 doctorum
442 2976 594 3018 magna
631 2968 696 3004 est
733 2961 956 3006 dissensio.
1007 2963 1234 3007 Dissenius
1279 2971 1451 3007 secutus
1492 2964 1810 3007 Lachmannum
1848 2964 2014 3022 virgula
2056 2971 2157 3023 post
2194 2970 2346 3009 vocem

1798 3031 1825 3072 3
1852 3035 1879 3061 *e
