2462 3112
1193 109 1340 148 x=vn1

181 223 315 278 freto
347 230 420 265 aut
457 223 574 264 inter·
599 220 719 275 freti
748 221 1102 280 angustia-5211]
1134 235 1238 278 qua
1250 236 1299 264 re
1329 224 1393 264 vir
1427 222 1580 266 doctus
1607 223 1879 268 vehementer
1906 232 2029 267 errat.
2086 225 2185 268 Sed
2194 227 2343 271 missis

195 292 261 334 his
290 292 483 346 argutiis,
525 305 630 346 quas
658 292 740 332 iam
760 290 991 332 Dissenius
1023 290 1243 341 refutavit,
1276 292 1357 346 ipsi
1383 290 1545 347 singula
1574 294 1865 335 examinemus.
1920 293 2028 334 Cum
2057 308 2203 336 sanum
2229 309 2344 356 essm,

195 358 443 414 intelligitur
473 371 523 399 ex
551 359 622 409 iis,
652 372 764 414 quae
793 364 1031 414 sequuntur
1058 357 1130 399 vel
1154 359 1195 399 si
1225 380 1282 389 -
1311 357 1382 400 vel
1409 360 1458 400 si.
1513 343 1733 402 Canibus·
1723 367 1971 416 suspectum
1995 375 2084 403 non
2115 368 2190 404 est.
2239 362 2347 405 Erat

198 428 318 468 enim
339 424 484 481 Scylla
515 427 660 467 cincta
699 424 771 466 vel
805 427 1033 467 succincta
1064 424 1270 475 canibus,
1305 428 1392 481 qui
1407 428 1546 481 poetis
1582 426 1780 469 dicuntur
1808 428 2043 479 latrantes,
2070 432 2215 481 saevi,
2232 429 2346 484 seri.

200 494 330 537 Ovid.
359 494 464 536 Met.
494 494 622 545 xm,
661 494 759 535 730:
798 493 871 534 illa
909 493 1009 535 feris
1046 500 1174 534 atram
1205 495 1463 550 succingitur
1491 494 1643 537 alvum.
1691 495 2061 538 Pseudo-Tibull.
2091 497 2172 548 ΙΙΙ,
2201 499 2240 540 4.
2269 498 2346 539 89:

202 561 433 618 Scyllaque
467 562 696 618 virgineam
737 560 914 602 canibus
950 563 1163 602 succincta
1192 559 1390 617 figuram:
1430 577 1517 618 quo
1554 562 1653 605 loco
1681 577 1766 620 vox
1795 562 1975 606 canibus
2005 567 2120 606 omni
2156 565 2347 622 epitheto

199 636 329 672 caret.
370 628 573 686 Rapidus
603 644 656 671 an
686 628 867 671 rabidas
896 627 1119 684 legendum
1150 629 1220 679 sit,
1250 628 1432 671 dubites.
1477 631 1574 672 Nec
1603 632 1711 672 enim
1742 630 1970 673 absurdum
1999 632 2130 683 foret,
2160 634 2350 690 opinari,-

197 704 365 754 poetam
385 729 395 748 ,
436 712 530 738 cum
564 699 753 752 proxime
788 695 1043 742 collocatum
1085 703 1195 738 esset
1229 696 1438 748 canibus,
1475 699 1630 740 iccirco
1664 697 1845 740 rabidas
1872 697 2088 750 maluisse,
2119 715 2242 756 quam
2270 715 2345 744 ra-

197 764 327 823 pidas
356 764 555 807 scribere.
586 766 651 806 Ac
674 780 775 806 sane
802 764 940 807 rabies
970 765 1117 805 canina
1145 778 1235 806 non
1260 767 1398 807 ventis
1426 765 1577 817 modo,
1607 766 1681 807 sed
1710 769 1813 807 mari
1843 769 1964 808 etiam
1995 766 2218 810 tribuitur..
2241 767 2348 810 Inde

198 832 406 889 Scyllaea
435 832 581 875 rabies
610 833 723 888 apud
744 832 964 888 Virgilium
987 833 1164 874 Aeneid.
1187 832 1226 882 I,
1255 832 1352 874 200.
1382 833 1510 888 Apud
1534 835 1775 875 Lucretium
1797 835 1858 885 V,
1887 835 1983 877 890.
2013 834 2179 878 rabidis
2207 834 2348 877 malim

198 901 296 958 legi.
345 901 402 943 At
427 915 530 942 vero
569 900 715 942 eadem
748 900 891 956 Scylla
923 916 1068 958 rapax
1099 900 1337 956 appellatur
1367 901 1525 953 (Ovid.
1555 901 1731 943 Hei-oid.
1762 901 1860 952 XII,
1899 903 2009 954 123)
2045 910 2172 958 atque
2202 901 2346 954 undae

200 970 404 1010 sexcentis
434 968 540 1011 locis
569 967 755 1025 rapidae
773 976 991 1010 vocantur.
1025 968 1303 1024 Quapropter
1328 968 1410 1010 hoc
1440 983 1614 1024 quoque
1644 969 1743 1011 loco
1766 968 1947 1027 rapidas
1976 970 2241 1013 retinendum
2270 977 2348 1013 est.

198 1037 307 1078 Vox.
327 1035 463 1089 freta
501 1038 578 1078 etsi
619 1035 826 1079 librorum
863 1038 1116 1077 auctoritate
1152 1038 1435 1091 maximopere
1473 1038 1813 1089 commendatur,
1859 1045 1998 1080 tamen
2034 1038 2151 1081 velut
2189 1038 2348 1082 inutilis

201 1103 335 1146 herba
368 1104 636 1159 exstirpanda
669 1110 732 1145 est
760 1106 805 1145 in
835 1106 1011 1159 eiusque
1045 1103 1186 1145 locum
1216 1105 1509 1159 reponendum
1539 1104 1665 1158 fera.
1695 1105 1826 1147 feram
1862 1113 2002 1147 autem
2033 1106 2218 1162 Scyllam
2247 1106 2351 1149 dicit

201 1178 377 1227 propter
419 1186 572 1223 canes,
616 1170 771 1226 quibus
812 1173 1024 1212 succincta
1064 1171 1288 1214 saeviebat.
1345 1173 1495 1214 Restat
1532 1179 1740 1230 serperet.
1801 1173 2068 1229 Scriptores,
2107 1174 2224 1230 quod
2267 1188 2350 1230 ego

202 1242 357 1291 sciam,
397 1254 542 1281 omnes
574 1239 758 1296 Scyllam
799 1239 970 1281 tradunt
999 1241 1041 1280 in
1073 1239 1278 1295 spelunca
1314 1240 1531 1282 delituisse
1564 1244 1821 1297 exsertisque
1853 1257 1901 1284 ex
1932 1257 1981 1283 ea
2011 1241 2219 1298 capitibus
2250 1244 2350 1284 insi-

206 1308 294 1350 dias
324 1310 535 1349 struxisse.
569 1307 697 1350 Conf.
728 1307 878 1363 Virgil.
906 1308 1010 1349 Aen.
1044 1307 1125 1359 llI,
1155 1309 1238 1349 424
1267 1323 1328 1364 sq.
1359 1308 1484 1350 Haud
1517 1309 1645 1351 dubie
1675 1312 1813 1351 animo
1844 1317 1998 1365 poetae
2020 1310 2247 1352 Homerica
2275 1309 2348 1351 illa

208 1374 425 1418 σκόπελοι·
453 1373 793 1431 περιμαιμώωσα
831 1375 1055 1418 obversata
1095 1384 1203 1418 sunt.
1251 1375 1439 1433 Serpe1·e
1475 1379 1601 1432 igitur
1640 1391 1728 1418 eam
1769 1377 1869 1419 dicit
1904 1392 1991 1419 non
2027 1377 2237 1434 pedibus,
2271 1376 2348 1419 sed

207 1446 379 1487 exsertis
410 1443 641 1499 capitibus,
684 1458 794 1499 quae
827 1451 1061 1484 monstrum
1102 1443 1329 1485 insidiandi
1364 1459 1512 1485 caussa
1541 1444 1624 1486 huc
1652 1445 1754 1486 illuc
1790 1445 2030 1501 torquebat.
2077 1444 2348 1486 Vocabulum

203 1526 382 1569 serpere
431 1519 696 1568 quantopere
744 1513 857 1553 viros
902 1512 1053 1553 doctos
1097 1513 1335 1561 vexaverit,
1390 1525 1438 1552 ex
1488 1519 1630 1568 segete
1675 1512 2013 1554 emendationum
2058 1515 2350 1570 cognoscitur:

208 1580 404 1636 equidem
430 1579 535 1621 nihil
566 1578 825 1620 moliendum
863 1586 993 1634 put0;
1032 1581 1067 1620 si
1096 1579 1199 1634 quid
1236 1586 1455 1634 peccatum
1486 1587 1574 1630 est,
1614 1595 1701 1622 non
1731 1580 1952 1631 librarius,
1989 1581 2064 1623 sed
2093 1589 2222 1636 poeta
2258 1583 2351 1636 ipse

205 1650 406 1705 peccavit.
435 1671 492 1678 -—
535 1662 574 1688 v,
608 1647 673 1688 73.
716 1661 799 1688 suo
832 1662 967 1689 more.
1000 1646 1130 1689 Ovid.
1162 1647 1265 1688 Met.
1295 1647 1419 1698 XIII,
1460 1648 1560 1689 730:
1600 1648 1743 1704 Scylla
1781 1648 1890 1690 latus
1927 1649 2136 1698 dextrum,
2180 1647 2348 1689 laevum

204 1718 432 1771 irrequieta
462 1714 706 1771 Charybdis
733 1714 931 1756 Infestat:
968 1722 1090 1756 vorat
1125 1715 1232 1756 haec
1266 1722 1405 1770 raptas
1435 1717 1701 1771 removitque
1733 1719 1906 1758 carinas.
1958 1717 2076 1757 Haec
2103 1717 2229 1771 igitur
2258 1718 2350 1757 eius

210 1783 490 1825 consuetudo.
520 1783 644 1838 Quae
674 1790 914 1838 sequuntur
942 1783 1012 1824 vel
1039 1785 1077 1824 si
1100 1807 1150 1815 -—
1175 1783 1244 1824 vel
1273 1786 1311 1825 sc‘
1333 1798 1421 1824 non
1449 1783 1756 1838 elegantissime
1777 1799 1870 1825 cum
1891 1798 1972 1826 nec
2001 1786 2142 1825 iuncta
2161 1791 2271 1825 sunt.
2294 1807 2351 1814 -

207 1867 247 1894 v.
279 1852 342 1893 78.
373 1850 486 1905 finis
516 1858 559 1892 et
588 1853 756 1893 erroris
785 1853 942 1894 miseri.
994 1851 1102 1894 Cum
1135 1851 1271 1892 Ulixis
1301 1853 1468 1892 miseria
1508 1859 1550 1893 et
1580 1858 1673 1893 orta
1702 1860 1742 1894 et
1780 1852 1899 1893 finita
1937 1854 1989 1893 sit
2021 1852 2084 1898 his
2114 1851 2350 1902 erroribus,

209 1922 443 1976 scripturae
482 1918 696 1961 bonorum
735 1918 942 1961 librorum
975 1918 1069 1974 plus
1099 1918 1201 1959 fidei
1230 1918 1501 1960 tribuendum
1531 1927 1612 1968 est,
1650 1934 1773 1974 quam
1802 1919 1993 1976 vulgatae
2012 1919 2124 1972 finis
2153 1925 2197 1961 et
2224 1933 2351 1961 erro»-

210 2004 311 2030 rum
339 1990 513 2030 misero.
564 1987 678 2029 Nam
709 1993 750 2028 et
788 1987 1005 2042 epitheton
1035 1994 1212 2028 venuste
1244 1987 1297 2028 ad
1328 2002 1525 2029 errorem
1562 1987 1798 2028 traductum
1831 1994 1893 2028 est
1926 1994 1967 2028 et
1994 1989 2152 2029 misero
2183 1986 2362 2029 videtur.

210 2056 502 2098 emendatione
531 2063 685 2096 natum.
709 2079 762 2086 —
786 2070 823 2096 v.
847 2055 911 2096 79.
942 2054 1094 2096 Paullo
1125 2069 1252 2110 supra
1283 2054 1437 2110 legitur
1464 2054 1644 2112 rapidas
1672 2057 1805 2104 inter,
1832 2069 1947 2096 nunc
1977 2069 2140 2096 rursus:
2169 2061 2361 2097 nostras-

210 2126 355 2167 inter:
392 2125 470 2165 ista
509 2138 632 2178 quam
668 2124 860 2165 insuavia
898 2125 1010 2172 sint,
1048 2136 1175 2164 nemo
1214 2136 1302 2164 non
1337 2125 1471 2165 sentit.
1522 2123 1633 2164 Mire
1665 2126 1788 2165 etiam
1817 2122 2067 2164 dictumest
2097 2121 2207 2164 haec
2234 2124 2352 2164 inter

212 2198 394 2234 nostras
440 2197 586 2232 terras
632 2192 844 2248 cognita,
881 2205 962 2231 nec
1004 2192 1377 2246 interpretatione,
1417 2198 1545 2246 quae·
1570 2206 1592 2231 a
1632 2205 1730 2231 vera
1770 2189 1998 2231 verborum
2040 2189 2357 2244 significatione

214 2259 429 2309 discedat,
470 2257 676 2299 eiusmodi
705 2259 808 2299 vitia
847 2259 1049 2299 orationis
1087 2260 1171 2313 tegi
1210 2265 1250 2300 et
1291 2257 1491 2299 occultari
1531 2265 1714 2313 oportet.
1764 2257 1881 2299 Male
1917 2260 2038 2299 etiam
2065 2260 2123 2298 sit
2153 2261 2351 2299 omissum

215 2334 306 2376 est;
344 2340 594 2383 quamquam
633 2333 760 2376 sunt,
801 2327 873 2380 qui
902 2325 946 2367 id
977 2332 1205 2376 excusent,
1245 2325 1363 2381 quod
1399 2328 1456 2367 sit
1483 2328 1656 2381 primam
1686 2324 1828 2366 sedem
1858 2326 1901 2365 in
1928 2324 2010 2366 hoc
2039 2339 2165 2366 versu
2196 2330 2351 2366 teneat.

214 2395 340 2438 Adde
367 2394 581 2452 qualiter,
612 2400 652 2435 et
680 2393 760 2434 alia
789 2393 852 2434 his
881 2395 1002 2434 etiam
1033 2395 1275 2443 vitiosiora,
1306 2393 1421 2434 velut
1454 2394 1740 2436 transitionem
1770 2391 1944 2432 eandem
1974 2391 2082 2433 male
2113 2393 2350 2447 repetitam,

216 2465 451 2506 orationem
476 2460 693 2516 obliquam
723 2475 802 2516 per
831 2461 1071 2517 quindecim
1092 2477 1239 2503 versus
1269 2469 1498 2511 servatam,
1530 2468 1571 2502 et
1601 2462 1780 2509 mir-eris,
1814 2462 2014 2501 exstitisse
2043 2459 2247 2514 aliquem,
2275 2458 2350 2512 qui

216 2546 241 2573 a
271 2529 447 2573 Tibullo
485 2530 567 2570 hoc
597 2543 761 2569 carmen
792 2531 991 2584 scriptum
1024 2544 1116 2570 esse
1146 2537 1450 2584 perseveraret.
1482 2554 1534 2561 —
1563 2545 1600 2569 v,
1629 2528 1695 2570 88.
1742 2529 1790 2569 ln
1819 2531 1963 2570 castris
1995 2525 2202 2584 ponendis
2233 2527 2351 2567 cerni

215 2605 386 2655 poterat
414 2598 676 2652 imperatoris
707 2595 941 2651 diligentia,
977 2597 1217 2647 consilium,
1258 2596 1478 2652 prudentia
1509 2597 1646 2645 (conf.
1680 2597 1770 2637 Liv.
1802 2596 1977 2646 XXXV,
2008 2595 2073 2635 14.
2114 2594 2247 2635 Tacit.
2277 2595 2350 2636 vit.

216 2668 316 2722 Agr.
345 2681 409 2721 cp.
439 2666 536 2717 20).
585 2664 850 2720 Deligendus
888 2671 980 2706 erat
1018 2665 1138 2706 locus
1168 2665 1337 2706 saluber
1367 2664 1547 2717 (Claud
1582 2663 1608 2705 l.
1639 2663 1760 2713 VIII,
1795 2664 1904 2714 322)
1943 2663 2100 2717 quique
2135 2675 2271 2716 aquae
2300 2675 2357 2702 ac.

216 2734 363 2791 pabuli
393 2735 555 2789 copiam
585 2732 741 2775 faceret
771 2733 949 2788 (Veget.
981 2732 1035 2774 de
1066 2748 1112 2775 re
1144 2733 1257 2774 milit.
1288 2732 1308 2774 Ι
1346 2748 1409 2787 cp.
1439 2732 1532 2783 22).
1580 2732 1710 2773 Poeta
1738 2729 1963 2773 Messalam
1994 2731 2050 2770 ait
2081 2730 2352 2784 opportunis-

218 2805 320 2844 sima
349 2815 545 2857 quaeque
575 2799 670 2843 loca
700 2802 844 2842 castris
873 2800 1076 2842 metandis
1106 2799 1299 2856 deligere.
1342 2799 1699 2854 opportunitates
1708 2785 1859 2840 &autem
1890 2804 1975 2838 tres
2007 2803 2239 2838 enumerat:
2261 2794 2361 2837 ubi.

220 2883 332 2925 aqua
360 2875 584 2924 suppetat,
624 2868 761 2910 aditus
798 2867 992 2909 hostibus
1029 2868 1214 2919 arduus,
1249 2866 1451 2909 militibus
1490 2867 1640 2909 facilis
1649 2869 1715 2909 sit
1738 2865 1876 2918 (conf.
1907 2864 2007 2906 Sall.
2038 2864 2126 2919 lug.
2155 2879 2219 2919 cp.
2244 2863 2363 2914 98)‚-.

220 2936 407 2992 denique
437 2935 511 2977 ubi
537 2937 636 2978 satis
664 2937 788 2991 spatii
816 2934 956 2977 datum
987 2936 1040 2977 sit
1062 2935 1116 2978 ad
1144 2934 1403 2978 exercendos
1424 2935 1574 2977 milites
1596 2934 1704 2988 (vid.
1725 2935 1875 2989 Veget.
1897 2934 1935 2984 I,
1966 2948 2029 2988 cp.
2052 2932 2106 2973 27
2117 2934 2148 2985 ).
2184 2932 2362 2973 Etenim*
