2462 3112
1163 126 1349 170 xxxvl

187 245 381 300 Propert.
415 242 474 294 ΙΙ,
512 243 588 294 29,
616 243 695 285 14:
722 241 849 286 haec
883 249 929 286 te
957 258 1053 286 non
1090 246 1293 286 met-imm
1321 251 1444 288 ΐοίαε
1470 240 1703 303 exspectat
1732 248 1782 288 rin
1809 245 1968 289 home.-
1997 248 2068 290 Aa
2092 247 2319 292 innescio

188 327 301 370 quas
333 313 726 369 quaeris-‚inepta
750 308 900 365 fores.
950 313 1007 354 At
1036 312 1139 354 haec
1167 311 1292 368 plana
1321 320 1419 355 sunt
1448 320 1488 355 et
1512 313 1570 355 ad
1597 312 1927 370 intelligendum
1944 315 2092 358 facilia.
2144 311 2318 373 Lithi,

189 392 268 422 cur
294 380 614 436 se·2P1-0pertius
637 375 835 437 -z'nept'um
875 379 958 421 dici
987 379 1170 422 voluerit
1197 393 1280 421 nec
1307 382 1445 425 minus
1473 388 1672 436 apparet,
1714 383 1988 438 quamobrem
2021 385 2190 431 nescio(
2207 391 2320 442 qm

188 460 284 489 cum
319 449 606 490 contemtione
636 447 816 503 quadam
845 446 1017 489 dixerit:
1050 463 1204 504 nempe
1233 447 1378 490 scribit
1407 448 1472 490 ad*
1494 448 1754 505 Ογιιῑῖιίειῐυ.Ι
1794 448 1912 505 Quid
1941 458 2078 493 autem
2107 448 2191 494 hoc
2208 451 2319 495 tow

187 514 419 572 probatur?
469 515 620 567 Nihil,
656 516 738 557 nisi
773 517 967 571 ineptum
1003 515 1146 558 valere
1186 516 1278 558 fere
1315 515 1552 559 stolidum.
1597 517 1651 560 de
1686 531 1770 573 qua
1805 531 1874 559 re
1888 519 2094 561 neminem
2131 528 2319 575 unquam

188 582 406 626 dubitasse
435 583 579 625 credo.
622 576 797 639 Heynio
822 583 1047 626 Dissenius
1073 586 1294 627 consentit.
1344 583 1565 640 Gruppius
1593 588 1731 642 patrio
1760 599 1956 628 sermone
1986 586 2094 628 haec
2121 584 2319 644 explicat.

187 665 238 694 so
268 650 365 694 dass
392 652 460 693 ich
480 651 680 708 plotzlich
701 653 956 703 enttauscht,
985 667 1056 694 um
1086 666 1134 693 so
1164 652 1287 695 tiefer
1312 653 1423 696 falle.
1454 657 1543 695 non
1572 645 1783 695 convertit
1810 653 1886 695 ille
1917 653 2087 710 quidem
2112 661 2177 696 ut
2190 657 2320 698 inter-

185 733 308 775 pres,
347 719 423 762 sed
453 721 702 762 sententiam
731 719 815 762 loci
844 720 1016 771 melius,
1054 735 1180 776 quam
1209 721 1286 772 illi,
1325 728 1544 763 assecutus
1583 729 1656 763 est.
1712 721 1925 786 Equidem
1955 720 2127 764 cadere
2136 716 2317 766 &aufero

187 801 283 829 cum
313 787 577 830 Graecorum
605 793 761 830 πεσεῖν.
798 789 908 831 conf.
946 789 1077 844 Soph.
1114 788 1228 830 Oed.
1268 788 1424 831 C.olon
1454 789 1550 831 396.
1586 787 1730 831 καλόι
1763 807 1815 844 νγε
1843 787 1993 844 μέντοι
2028 807 2096 844 μη
2121 789 2166 840 ’ξ
2184 781 2319 844 οἶβάυ-

187 852 285 903 λίας
313 861 470 897 πεσεῖν.
506 856 673 912 Eurip.
710 855 832 912 reliq.
873 857 957 898 Inc.
991 857 1035 906 ἕξ
1073 855 1256 899 gauium
1292 855 1520 906 πίπτοντας
1549 855 1732 906 ὑπτίους
1772 856 1865 911 ὁρω.
1926 857 2107 913 Propius
2139 857 2320 900 fortasse

187 922 352 965 accedit
390 923 496 965 illud
532 926 779 966 nostratium
825 939 928 966 »aus
969 924 1063 966 dem
1096 925 1278 966 Himmel
1307 928 1447 968 seiner
1475 925 1750 981 Hofsnungen
1778 925 1954 968 fallen«.
2013 924 2080 968 Sit
2105 924 2182 968 tibi
2210 939 2320 968 cura

186 996 325 1048 togae
362 993 516 1048 potior
554 1006 840 1050 pressumque
884 999 960 1034 cet.
1024 993 1143 1034 Haec
1180 992 1346 1049 vulgata
1389 1000 1461 1035 est.
1508 1008 1630 1049 quam
1672 1000 1817 1035 tuetur
1843 992 2140 1049 Ayrmannus,
2183 995 2320 1036 reiicit

185 1059 400 1100 Heinsius.
430 1060 470 1101 Is
499 1062 681 1102 coniecit
708 1063 746 1102 si
775 1060 850 1103 tibi
880 1076 988 1103 cura
1017 1068 1128 1118 toga
1157 1067 1244 1111 est,
1275 1063 1373 1116 quia
1403 1061 1594 1117 sequitur
1619 1077 1820 1118 pressum
1841 1067 2057 1113 scortum,
2085 1074 2175 1103 non
2204 1063 2320 1116 geni-

185 1128 321 1177 tivus,
350 1129 487 1183 pressi
515 1130 656 1170 scorti.
708 1128 1030 1171 Consenserunt
1060 1130 1254 1184 Heynius
1287 1135 1328 1170 et
1355 1129 1610 1172 Huschkius.
1650 1129 1856 1171 ‘Dissenio
1886 1130 1925 1171 si
1952 1127 2178 1186 probatur,
2207 1135 2320 1187 toga

152 1240 155 1243 ,
185 1201 255 1237 est
282 1209 371 1237 non
403 1197 524 1247 item,
565 1211 815 1252 quamquam
845 1200 889 1239 in
920 1196 1067 1238 codice
1096 1196 1268 1239 AskeW.
1299 1199 1356 1239 ita
1385 1197 1541 1253 legitur
1570 1197 1693 1250 (vide
1724 1196 1911 1239 Huschk.
1942 1197 1997 1240 ad
2026 1198 2064 1240 h.
2093 1196 2153 1250 l.).
2195 1196 2319 1239 Vidit

187 1264 298 1304 enim
319 1296 329 1313 ,
364 1276 493 1318 posse
531 1262 584 1305 ad
623 1269 822 1306 scortum
857 1263 1031 1320 intelligi
1068 1266 1228 1320 potius.
1286 1265 1442 1307 Totum
1482 1271 1618 1307 autem
1648 1264 1790 1306 locum
1823 1265 1933 1307 idem
1961 1266 2029 1306 vir
2055 1264 2207 1307 doctus
2235 1265 2318 1308 hoc

187 1329 318 1372 modo
349 1332 666 1386 interpretatur:
695 1330 826 1382 ridet,
855 1333 1012 1387 inquit,
1043 1332 1183 1387 puella
1214 1332 1484 1384 Cerinthum,
1513 1332 1629 1387 quod
1660 1334 1782 1374 nimis
1808 1347 1980 1375 securus
2009 1334 2062 1374 sit
2092 1331 2146 1375 de
2171 1332 2318 1374 favore

186 1411 287 1439 suo:
318 1412 458 1449 erras,
493 1400 567 1449 ait,
595 1398 726 1454 quod
756 1405 973 1440 aeternum
1003 1413 1094 1441 esse
1122 1399 1312 1441 favorem
1341 1415 1477 1442 meum
1506 1400 1654 1442 credis.
1712 1401 1758 1443 Si
1796 1407 1844 1442 tu
1880 1401 2002 1442 aliam
2041 1414 2152 1442 amas
2170 1432 2181 1452 ,
2217 1406 2317 1442 sunt

186 1468 310 1507 etiam
339 1466 438 1507 mihi
468 1465 752 1508 admiratores.
811 1466 886 1508 Sin
921 1465 1114 1522 posueris
1143 1470 1222 1518 sit,
1263 1467 1398 1509 dicet:
1440 1467 1596 1509 habeas
1623 1467 1702 1509 tibi
1730 1467 1857 1520 alias,
1899 1467 2004 1510 nihil
2035 1468 2190 1518 refert,
2224 1481 2316 1510 non

185 1533 340 1576 doleo:
377 1541 475 1576 sunt
509 1534 611 1575 mihi
649 1534 718 1575 alii
755 1534 1040 1577 admiratores.
1091 1535 1178 1577 Sed
1207 1536 1313 1576 haec
1340 1550 1430 1577 non
1459 1543 1522 1578 est
1549 1551 1668 1578 mens
1699 1538 1799 1578 eius.
1847 1537 2016 1579 Revera
2044 1536 2163 1579 dolet
2189 1542 2232 1578 et
2257 1532 2315 1579 ne

181 1604 344 1644 ironice
374 1602 543 1658 quidem
569 1604 813 1658 permittere
840 1602 954 1653 vult,
985 1602 1135 1654 credo,
1167 1602 1284 1658 quod
1314 1606 1375 1645 sic
1403 1606 1610 1660 ponimus.
1648 1605 1767 1645 Haec
1796 1605 2118 1647 Dissenius:·at
2145 1606 2182 1647 si
2210 1604 2315 1660 quid

181 1670 338 1722 video,
375 1673 433 1712 sit
457 1670 589 1712 multo
621 1677 684 1712 est
709 1670 881 1721 melius,
920 1685 1045 1726 quam
1080 1672 1145 1721 si,
1182 1674 1271 1712 sive
1309 1686 1359 1712 ea
1389 1674 1594 1726 scriptura
1622 1673 1710 1712 sive
1739 1670 1978 1712 emendatio
2007 1677 2081 1717 est.
2139 1670 2316 1712 Simulat

182 1740 292 1781 enim
317 1738 482 1794 puella,
509 1738 614 1779 nihil
644 1753 735 1780 sese
763 1739 841 1780 hac
868 1753 915 1779 re
937 1740 1119 1780 moveri:
1150 1745 1192 1780 at
1221 1753 1307 1794 quo
1336 1738 1488 1780 dolore
1511 1737 1707 1794 perculsa
1736 1740 1809 1790 sit,
1834 1737 2050 1794 praeclare
2079 1751 2127 1779 ex
2148 1750 2201 1780 eo
2219 1740 2314 1793 ipso

181 1806 450 1862 intelligitur,
476 1806 599 1862 >quod
616 1813 710 1847 'tam
740 1805 892 1848 acerbe
921 1807 1034 1848 istud
1062 1809 1120 1848 sit
1147 1809 1284 1848 iactat.
1341 1807 1453 1847 Hinc·
1482 1808 1603 1848 etiam
1633 1808 1861 1847 contemtio
1893 1805 1989 1857 illa,
2019 1796 2102 1862 qua
2130 1805 2314 1862 puellam

182 1874 264 1916 sibi
301 1870 538 1930 suspectam
573 1874 805 1931 proculcat.
854 1874 1054 1930 Enallage
1084 1889 1205 1916 casus
1236 1874 1289 1917 ad
1319 1876 1653 1916 commotionem·
1676 1876 1800 1915 animi
1829 1880 1926 1930 apte
1953 1876 2181 1916 convenit*
2210 1874 2314 1916 'Iit-re

180 1942 626 1998 igitur‘Lachmannus
663 1950 704 1984 et
732 1942 954 1984 Dissenius
995 1949 1131 2000 togae
1168 1942 1372 1998 legerunt.
1415 1940 1602 1984 Solliciti
1628 1948 1733 1983 sunt
1758 1955 1842 1998 pro
1869 1941 2018 1992 nobis,
2055 1939 2314 1999 quibusilla

181 2003 332 2053 dolori
359 2017 448 2060 est,
477 2009 552 2052 Ne
578 2009 732 2053 cedam
761 2012 918 2068 ignoto
951 2013 1143 2052 maxima
1174 2025 1283 2052 cura
1310 2016 1425 2052 toro.
1457 2009 1636 2051 Locutio
1657 2008 1903 2051 >sollicitum
1932 2021 2027 2053 esse
2047 2023 2132 2066 pro
2163 2009 2312 2067 aliquo

179 2078 293 2121 nihil*
319 2078 724 2120 habet'offensionis
764 2079 962 2131 (Terent.
995 2079 1224 2120 Heautont.
1253 2079 1294 2128 Ι,
1325 2078 1368 2128 l,
1401 2078 1465 2119 77.
1515 2077 1625 2118 Hem·
1654 2083 1718 2119 tot
1749 2079 1833 2119 mei
1860 2077 1997 2135 solius
2019 2077 2190 2120 solliciti
2206 2084 2313 2122 ‘sunt

181 2149 374 2198 causa.):'
394 2145 471 2188 sed
500 2148 544 2188 in
575 2149 725 2188 ceteris
754 2145 895 2188 verbis
928 2145 1184 2202 explicandis
1213 2148 1463 2201 interpretes
1494 2145 1758 2187 dissentiunt.
1789 2145 1858 2186 alii
1886 2147 1996 2187 enim
2025 2144 2186 2202 quibus*
2204 2145 2314 2187 rela-

181 2222 271 2258 tum
300 2214 450 2256 volunt
487 2213 541 2255 ad
579 2227 816 2270 pronomen
850 2214 1005 2265 nobis,
1043 2216 1100 2256 ita
1139 2220 1186 2255 ut
1218 2211 1445 2267 Sulpiciam
1483 2219 1651 2268 putent*
1671 2212 1791 2254 fateri
1807 2222 1821 2264 ,¹
1855 2215 1974 2254 istam
2012 2212 2314 2267 puellam-sibi

178 2278 325 2326 dolori
355 2295 467 2324 esse:
498 2281 570 2323 alii
598 2289 744 2323 contra
772 2281 925 2338 quibus
956 2297 1004 2323 ex
1033 2296 1141 2324 voce
1170 2281 1349 2324 Solliciti
1375 2279 1561 2335 pendere
1590 2279 1920 2322 arbitrati-sunt:
1960 2279 2170 2322 dedecere
2200 2282 2311 2322 enim

179 2351 382 2409 puellam,
413 2351 602 2406 quamvis
632 2350 983 2400 stomacharetur,
1016 2356 1094 2391 tam
1131 2355 1275 2405 aperte
1306 2348 1466 2399 dicere,
1496 2347 1575 2389 hac
1603 2349 1797 2389 amatoris
1826 2346 2008 2403 perfidia
2038 2362 2130 2390 sese
2158 2347 2309 2391 dolore

177 2419 370 2462 affectam
395 2431 503 2459 esse.
533 2417 674 2473 Atque
703 2418 746 2459 hi
776 2416 945 2473 quidem
967 2417 1205 2473 prudenter
1233 2416 1378 2458 saltem
1411 2422 1453 2457 et
1482 2415 1535 2457 ad
1563 2417 1774 2470 ingenium
1793 2414 2001 2457 muliebre
2028 2415 2308 2457 accomodate.

173 2488 374 2543 Heynius
402 2487 446 2526 in
476 2499 555 2527 suo
585 2485 742 2526 iudicio
772 2485 959 2526 fluctuat.
989 2484 1198 2540 Equidem
1228 2490 1351 2540 puto,
1378 2482 1557 2539 puellam
1587 2480 1692 2524 haec
1723 2481 1882 2533 dicere,
1914 2488 1962 2524 ut
1990 2479 2310 2539 animum‘ama-

175 2555 283 2599 toris
311 2560 492 2609 pungat:
535 2567 630 2594 cum
660 2552 749 2594 aliis
780 2567 867 2594 eam
898 2567 995 2593 suas
1023 2553 1284 2607 suspiciones
1316 2553 1645 2593 communicasse
1674 2551 1944 2593 non‘credo:
1978 2565 2059 2593 nec
2086 2548 2309 2593 verisimile

128 2638 134 2643 ⁴
179 2629 264 2674 est,
293 2623 367 2678 qui
395 2620 576 2677 puellam
601 2622 682 2676 ipsi
709 2622 822 2662 omni
846 2619 976 2662 modo
1008 2619 1232 2670 ambirent,
1264 2618 1468 2669 doluisse,
1500 2618 1617 2674 quod
1647 2618 1872 2661 Cerinthus
1901 2624 2042 2660 scorto
2073 2631 2161 2659 eam
2191 2625 2311 2674 post-

175 2684 368 2733 haberet.
426 2688 600 2744 Quippe
630 2689 739 2729 enim
768 2689 1009 2744 potuissent
1038 2701 1231 2742 sperare,
1270 2688 1493 2730 amantium
1534 2685 1753 2728 discidium
1783 2687 1886 2728 fore.
1945 2684 2077 2740 Quod
2107 2700 2199 2727 cum
2227 2687 2309 2728 viri

176 2758 292 2801 docti
320 2757 567 2806 sensissent,
601 2754 803 2798 dolor-em
837 2754 1097 2811 explicarunt
1118 2754 1313 2812 Aerger.
1351 2752 1547 2809 Gruppio
1577 2753 1655 2795 illa
1683 2753 1851 2810 videtur
1880 2766 1970 2794 esse
1999 2753 2090 2808 ipsa
2121 2752 2309 2809 Sulpicia

177 2824 291 2878 (vid.
321 2826 410 2867 eius
439 2823 534 2865 libr.
564 2838 655 2880 pag.
685 2823 779 2876 52).
827 2823 1028 2878 Denique
1057 2837 1114 2864 ne
1149 2821 1301 2864 cedam
1330 2820 1525 2877 plerique
1553 2823 1632 2863 viri
1670 2821 1782 2863 docti
1818 2820 2024 2877 legerunt,
2064 2826 2207 2877 spreta
2235 2816 2308 2862 va'-

173 2895 323 2935 rietate
359 2894 594 2947 scripturae
631 2905 713 2933 nec
752 2889 941 2933 credam.
993 2888 1155 2931 cedam
1184 2889 1341 2931 Statius
1380 2889 1623 2931 emendavit
1644 2888 1745 2941 (sed
1778 2888 1862 2931 vid.
1891 2887 2079 2931 Huschk.
2110 2886 2177 2928 ad
2192 2887 2240 2930 h.
2251 2887 2307 2940 l.)

106 2973 113 2978 ·
167 2955 361 3003 Solliciti
381 2964 507 3010 sunt,
535 2959 673 3014 inquit
702 2957 923 3013 Heynius‚
953 2959 1026 3014 qui
1047 2957 1213 3009 dolent,
1243 2956 1471 3013 Sulpiciam
1489 2990 1500 3009 ,
1530 2956 1714 3013 puellam
1738 2955 1926 2999 nobilem
1943 2988 1958 3008 ,
1988 2968 2198 3012 quamque
2224 2956 2307 3011 ipsi
