2462 3112
1165 108 1292 154 XXX

146 234 231 272 nec
259 227 371 271 idem
398 235 524 271 sonat
551 243 623 271 res
653 228 812 273 cecidit
837 235 887 272 et
916 243 989 272 res
1019 227 1161 272 cadit:
1191 229 1369 272 alterum
1389 229 1596 273 videlicet
1619 228 1753 274 valet':
1788 231 1858 274 die
1871 231 2014 274 *Sache
2044 231 2205 275 kommt
2234 232 2311 276 zur

147 295 490 352 Entscheidung:
530 295 711 338 alterum
741 296 813 338 die
842 296 982 339 Sache
1011 298 1064 338 ist
1096 296 1384 339 >entschiedem
1436 297 1588 354 ltaque
1614 298 1702 340 hoc
1739 298 1838 341 loco
1871 300 1907 340 si
1937 301 2012 355 qui
2041 295 2175 342 verba
2202 305 2311 342 vota

149 360 319 406 eadunt
349 361 563 417 explicant
590 361 654 405 ad
675 369 881 404 eventum
906 361 1127 419 perducta
1155 369 1262 405 sunt
1291 362 1435 416 (velut
1460 363 1683 420 Gruppius
1710 364 1736 407 l.
1755 364 1783 407 l,
1801 365 1868 408 43.
1914 365 2036 408 Euer
2052 365 2240 410 Gelabd’
2258 368 2314 409 ist

151 428 307 471 erfflllt.
326 436 368 470 et
384 444 478 485 pag.
494 429 602 481 63),
630 431 714 486 ipsi
732 429 936 481 viderint,
963 441 1053 485 quo
1077 431 1171 471 iure
1199 429 1245 472 id
1274 429 1439 472 faciant.
1477 429 1525 472 Si
1550 437 1660 473 vota
1681 429 1937 474 ceciderunt
1958 433 1984 474 i.
2005 446 2041 474 e.
2064 434 2102 474 si
2120 430 2312 488 Sulpicia

148 497 232 537 iam
261 509 370 538 uxor
401 495 595 539 Cerinthi
636 502 726 546 est,
765 509 912 538 nonne
949 498 1141 552 ineptum
1177 502 1242 538 est
1276 502 1454 551 optare,
1493 502 1541 538 ut
1568 510 1699 539 amor
1723 497 1856 549 flava
1891 500 2102 556 coniugio
2131 499 2311 542 vincula

146 569 302 619 portet
331 565 422 604 sive
450 570 497 604 ut
522 564 789 606 matrimonio
817 562 890 606 illa
921 578 1014 605 cum
1044 564 1199 605 iuvene
1228 563 1451 618 iungatur?
1492 563 1752 619 Nuptiarum
1782 566 1894 606 enim
1920 563 2119 608 laetitiam
2148 568 2311 608 croceis

148 630 239 671 istis
262 629 448 671 ‘vinculis
482 628 714 685 designari,
753 637 934 686 apparet
968 629 1110 682 (conf.
1141 628 1252 671 Plin.
1288 628 1330 671 h.
1369 643 1410 672 n.
1441 629 1549 671 XXI.
1587 630 1655 672 22.
1690 637 1860 673 extrem.
1905 638 1948 674 et
1974 639 2059 674 vet.
2079 639 2311 676 enarrator

147 695 297 738 Iuven.
327 696 413 738 Sat.
442 695 516 736 VI.
547 711 587 737 v.
619 696 757 747 2250.
808 698 938 758 Hunc
966 698 1095 752 igitur
1118 695 1341 752 scopulum
1371 703 1420 738 ut
1446 698 1527 738 viri
1556 695 1672 739 docti
1702 696 1959 748 devitarent,
1982 698 2178 755 plerique
2199 708 2309 743 *con-

148 765 354 806 iecturam
386 763 536 805 Guieti
575 769 619 805 et
655 764 822 805 Heinsii
857 763 1003 806 viden'
1033 770 1083 806 ut
1122 764 1141 815 (
1151 763 1263 805 conf.
1301 763 1354 804 Π.
1386 764 1432 814 1,
1472 763 1567 816 25.)
1605 766 1795 806 certatim
1834 764 2015 820 amplexi
2052 773 2152 809 sunt
2169 800 2180 818 ,
2220 778 2310 810 non

148 830 281 873 modo
310 832 494 872 Vossius
526 837 570 872 et
599 830 850 881 Dissenius‚
888 831 965 873 sed
995 832 1120 872 etiam
1148 829 1473 881 Broukhusius,
1510 831 1708 886 Heynius
1739 838 1781 873 et
1810 831 2067 874 Huschkius.
2124 832 2312 889 Vulgata

148 904 290 939 tamen
318 903 661 952 propugnatores
693 903 817 939 nacta
848 904 913 938 est
942 898 1209 953 gravissimos
1239 896 1618 939 Wunderlichium
1654 904 1695 940 et
1726 897 2053 941 Lachmannum.
2111 900 2311 955 Heyn'ius

150 967 322 1006 utinam
359 966 506 1019 paucis
537 965 699 1006 reiicit:
739 963 965 1006 Dissenius
1005 966 1143 1005 acrius
1178 965 1340 1006 instans
1370 965 1530 1019 requiri
1561 966 1620 1006 ait
1657 967 1864 1006 rationem
1881 997 1892 1016 ,
1929 965 2045 1007 unde
2083 965 2313 1008 concludat

148 1038 308 1088 poeta,
347 1038 438 1072 rata
477 1030 573 1072 fore
603 1036 731 1072 vota:
773 1031 893 1086 quod
923 1032 958 1072 si
989 1032 1160 1073 utinam
1189 1030 1430 1087 legeretur,
1467 1038 1646 1087 repente
1679 1045 1730 1072 ac
1757 1038 1926 1088 praeter
1954 1034 2312 1088 exspectationem

150 1112 312 1141 novum
339 1105 486 1153 votum
510 1097 618 1140 fieri.
648 1112 741 1140 esse
765 1100 887 1140 etiam
913 1100 1054 1141 ieiune
1079 1098 1256 1141 dictum·
1285 1101 1455 1142 utinam
1481 1099 1818 1156 strepitantibus
1847 1099 1931 1143 alis
1953 1099 2135 1143 advolet
2150 1100 2311 1144 Amor.

151 1165 377 1221 Gruppius
409 1149 589 1207 artificio
618 1165 928 1221 interpretandi
967 1165 1261 1208 difficultatem
1294 1166 1611 1222 quodammodo
1650 1165 1816 1209 delusit.
1878 1168 2087 1224 Equidem
2124 1169 2167 1210 in
2201 1181 2312 1211 voce

151 1235 323 1275 utinam
346 1246 435 1274 non
458 1233 596 1273 haesi·
628 1235 787 1288 quippe
818 1235 947 1283 enim,
978 1240 1107 1288 pocta
1130 1233 1279 1288 paullo
1305 1241 1402 1276 ante
1427 1234 1552 1276 deum
1576 1233 1737 1275 fecerat
1759 1241 2031 1277 annuentem:
2062 1234 2312 1277 adhortatus

154 1306 246 1341 erat
275 1301 494 1349 iuvenem,
524 1305 572 1340 ut
601 1305 794 1354 rogaret:
829 1301 940 1340 scire
969 1313 1015 1341 se
1044 1299 1228 1351 dixerat,
1269 1314 1380 1355 quae
1411 1299 1644 1343 Cerinthus
1675 1307 1777 1343 vota
1809 1303 1949 1344 animo
1980 1303 2171 1358 agitaret:
2201 1300 2312 1344 velle

151 1368 350 1409 nimirum
380 1367 651 1408 matrimonio
681 1380 777 1407 cum
807 1365 1125 1422 puella‘iungi:
1159 1366 1223 1408 his
1253 1366 1375 1408 dictis
1405 1366 1549 1409 subito
1580 1367 1724 1409 addit:
1757 1366 1882 1410 Vota
1912 1367 2080 1411 cadunt
2108 1370 2134 1409 i.
2166 1381 2203 1411 e.
2229 1366 2313 1411 hoc

151 1434 248 1489 ipso
283 1433 360 1475 'die
396 1431 527 1474 natali
562 1438 662 1474 vota
696 1431 752 1473 ad
789 1434 943 1474 exitum
982 1432 1280 1488 perducuntur
1322 1434 1451 1485 (ietzt
1487 1433 1687 1476 kommen
1731 1436 1793 1476 sie
1836 1448 1914 1476 zur
1945 1434 2313 1490 Entscheidung):

153 1499 304 1556 quidni
334 1506 433 1554 apte
464 1499 534 1540 illa
564 1499 878 1555 adiungantur:
918 1502 1079 1541 utinam
1110 1500 1245 1541 Amor
1269 1499 1448 1542 vadvolet
1483 1500 1804 1557 strepitantibus
1834 1501 1911 1544 alis
1940 1508 2171 1558 portetque
2199 1501 2313 1544 flava

153 1570 355 1623 coniugio
376 1566 566 1617 vincula,
595 1569 687 1608 sive
719 1566 863 1609 demto
886 1569 1093 1610 orationis
1123 1574 1297 1610 ornatu:
1328 1570 1489 1610 utinam
1510 1567 1593 1610 hoc
1618 1567 1689 1610 die
1710 1568 1942 1623 Sulpiciam
1966 1581 2140 1611 uxorem
2169 1567 2310 1611 ducas.

151 1634 269 1677 Nam
299 1636 453 1675 incerti
484 1647 649 1676 amores
680 1634 797 1689 pleni
829 1642 928 1676 sunt
962 1635 1250 1689 suspicionum
1280 1641 1323 1676 et
1350 1649 1559 1676 curarum.
1601 1640 1643 1675 at
1681 1633 1826 1676 felices
1855 1641 1922 1676 ter
1959 1641 2002 1676 et
2028 1633 2226 1690 ampliuS‚
2264 1642 2312 1676 ut

152 1701 363 1743 Horatius
385 1700 490 1742 dicit
518 1699 577 1752 (Ι.
600 1700 651 1743 C.
674 1701 748 1752 13,
780 1701 890 1752 17.),
921 1714 1030 1755 quos
1051 1701 1214 1756 irrupta
1238 1706 1358 1742 tenet
1386 1700 1541 1756 copula
1561 1714 1641 1742 nec
1664 1700 1784 1743 malis
1815 1698 2005 1743 divulsus
2035 1702 2310 1757 querimoniis

153 1782 354 1823 suprema
385 1769 506 1808 citius
535 1767 673 1809 solvet
703 1781 822 1809 amor
852 1767 935 1809 die.
981 1767 1242 1810 Coniectura
1261 1767 1464 1810 Italorum
1486 1766 1830 1824 trepidantibus,
1859 1770 1929 1810 cui
1943 1767 2242 1810 Broukhusius
2270 1776 2314 1812 et

151 1834 401 1877 Huschkius
423 1834 745 1890 applauserunt,
777 1832 1024 1876 dubitanter
1053 1836 1228 1876 accessit
1248 1834 1465 1890 Heynius‚
1494 1835 1594 1876 mihi
1623 1836 1898 1877 vehementer
1925 1835 2136 1892 displicet,
2165 1841 2312 1891 quam-

154 1916 282 1958 quam
311 1915 401 1943 non
433 1903 584 1957 ignoro
615 1908 658 1942 et
685 1901 799 1956 apud
828 1899 1035 1943 Ovidium
1068 1900 1271 1953 (Metam.
1296 1901 1327 1942 1.
1351 1901 1469 1953 506.)
1499 1914 1638 1957 prope
1669 1901 1815 1943 eadem
1846 1901 1978 1944 verba
2014 1901 2099 1958 legi
2130 1909 2174 1944 et
2203 1916 2312 1945 voce

153 1967 383 2025 trepidare
412 1983 539 2024 saepe
562 1968 786 2023 agilitatem
809 1967 882 2009 vel
904 1968 1214 2010 festinationem
1243 1967 1513 2024 celeremque
1539 1975 1702 2011 motum
1729 1967 1956 2024 significari
1986 1967 2098 2022 (vid.
2117 1967 2311 2012 Gronov,

155 2035 211 2078 ad
232 2036 323 2077 Liv.
345 2036 481 2077 XVII.
503 2036 561 2087 1.)
593 2042 722 2090 atque
741 2034 929 2077 Genium
953 2049 1032 2077 seu
1047 2034 1246 2077 Natalem
1269 2045 1446 2091 parvum
1472 2035 1600 2077 deum
1625 2036 1756 2077 fuisse
1780 2035 1890 2088 (vid.
1909 2034 2099 2077 Broukh.
2118 2035 2172 2077 ad
2189 2036 2227 2077 h.
2245 2035 2311 2088 l.):

153 2116 303 2144 verum
334 2103 408 2157 qui
438 2101 521 2143 loci
551 2102 605 2144 ad
635 2101 838 2144 tuendam
867 2101 982 2144 illam
1007 2103 1256 2157 scripturam
1281 2103 1579 2158 proferuntur,
1613 2116 1687 2144 eos
1716 2104 1750 2144 si
1779 2102 1925 2159 paullo
1950 2100 2189 2157 diligentius
2219 2115 2314 2144 exa-

154 2171 382 2211 minaveris
400 2201 409 2216 ,
445 2167 570 2209 facile
598 2167 837 2224 intelliges,
865 2169 971 2211 nihil
1000 2169 1054 2211 ad
1084 2169 1199 2210 hunc
1226 2168 1367 2210 locum
1398 2170 1625 2224 pertinere.
1672 2170 1754 2211 Hic
1781 2171 1873 2224 ipse
1903 2168 2062 2210 alarum
2091 2169 2311 2224 strepitus,

155 2249 284 2291 quem
314 2248 433 2276 amor
463 2234 668 2276 advolans
700 2235 808 2286 edit,
837 2237 1059 2291 augurium
1091 2242 1154 2278 est
1183 2235 1465 2277 laetissimum.
1507 2235 1750 2278 celeritatis
1776 2240 1917 2276 autem
1946 2237 2028 2284 vis,
2057 2235 2139 2275 nisi
2166 2234 2311 2284 fallor,

153 2305 256 2358 ipsis
281 2301 423 2343 verbis
447 2301 783 2357 strepitantibus
812 2302 897 2344 alis
921 2300 1141 2344 advolare
1164 2316 1362 2358 expressa
1388 2308 1463 2344 est.
1482 2324 1536 2334 —
1565 2317 1604 2344 ν.
1621 2302 1676 2342 21
1697 2308 1738 2344 et
1753 2302 1820 2343 22.
1850 2301 1936 2351 Hic
1964 2302 2113 2344 veniat
2128 2300 2312 2343 Natalis

155 2371 251 2412 avis
279 2369 541 2425 prolemque
570 2371 810 2420 ministret,
840 2368 990 2411 Ludat
1020 2376 1065 2411 et
1090 2376 1196 2412 ante
1225 2376 1329 2412 tuos
1356 2369 1487 2411 turba
1517 2369 1696 2411 novella
1722 2367 1871 2426 pedes.
1918 2367 2135 2423 Scriptura
2165 2369 2310 2409 variat.

154 2450 236 2491 pro
266 2435 337 2478 hic
365 2435 521 2490 legitur
548 2436 594 2476 in
622 2434 712 2476 aliis
742 2435 863 2477 libris
890 2435 976 2478 huc
1007 2443 1079 2477 aut
1108 2434 1219 2479 haec
1249 2442 1290 2478 et
1318 2449 1399 2491 pro
1428 2438 1578 2478 veniat
1608 2437 1733 2476 etiam
1762 2437 1918 2476 veniet.
1953 2433 2161 2476 Nicotaus
2179 2433 2311 2476 Hein-

154 2505 243 2545 sius
275 2503 329 2544 de
357 2504 603 2544 coniectura
636 2501 783 2544 dedit:
822 2501 908 2545 huc
941 2504 1094 2545 venias
1125 2502 1309 2545 Natalis
1346 2505 1417 2544 avi
1446 2534 1563 2545 ......
1593 2503 1840 2551 ministres,
1885 2503 2012 2557 eique
2041 2501 2313 2542 consentiunt

154 2569 355 2624 Heynius
376 2602 385 2619 ,
418 2567 662 2610 Huschkius
680 2601 690 2618 ‚
725 2568 948 2611 Dissenius
965 2601 975 2620 ‚
1015 2569 1091 2611 sed
1119 2571 1176 2611 ita
1193 2603 1202 2620 ‚
1241 2576 1289 2611 ut
1317 2571 1466 2611 veniat
1497 2593 1550 2602 —-
1579 2575 1620 2611 et
1650 2563 1869 2611 ministret
1898 2572 2162 2609 conservent.
2221 2566 2313 2622 Qui

154 2637 406 2690 scripturam
437 2634 506 2678 hic
535 2649 773 2691 germanam
799 2635 1030 2687 duxerunt,
1062 2636 1289 2692 explicant:
1318 2637 1399 2677 iam
1425 2635 1551 2691 prole
1573 2642 1739 2691 parata,
1768 2649 1864 2676 cum
1884 2640 2022 2676 aetate
2045 2635 2103 2675 ita
2121 2635 2313 2688 provecti

156 2702 300 2752 eritis,
329 2709 376 2742 ut
405 2703 472 2742 avi
501 2701 791 2757 appellemini,
821 2702 891 2743 hic
917 2702 1067 2744 natalis
1095 2702 1220 2745 vobis
1244 2702 1407 2745 redeat.
1456 2703 1515 2743 At
1537 2704 1686 2744 veniat
1713 2703 1851 2757 ipsum
1881 2713 1971 2742 non
1999 2699 2117 2742 valet
2145 2698 2311 2742 redeat.

155 2768 334 2810 Frustra
350 2768 548 2824 Heynius
573 2768 697 2810 affert
718 2768 877 2810 Tibull.
897 2769 927 2810 Ι.
947 2770 990 2821 7,
1013 2771 1099 2812 64.;
1125 2769 1376 2823 (candidior
1388 2783 1563 2826 semper
1586 2767 1895 2823 candidiorque
1911 2767 2036 2819 veni)
2059 2772 2100 2808 et
2116 2766 2245 2809 Ovid.
2258 2766 2312 2808 V.

157 2834 350 2885 Trist.5‚
376 2835 442 2876 14.
473 2837 631 2891 (opto,
662 2834 868 2878 candidus
891 2836 976 2878 huc
1004 2838 1196 2888 venias):
1227 2849 1409 2892 quorum
1439 2834 1635 2877 locorum
1663 2832 1894 2876 similitudo
1924 2846 2026 2875 sane
2059 2833 2207 2890 exigua
2230 2838 2311 2875 est.

156 2900 330 2944 Deinde
352 2903 458 2945 mire
488 2901 648 2945 dictum
670 2902 803 2946 foret:
833 2903 904 2946 hic
925 2903 1059 2947 Amor
1080 2905 1198 2960 signa
1227 2904 1333 2947 certi
1357 2903 1614 2946 matrimonii
1636 2902 1730 2945 avis
1757 2899 1940 2944 afferens
1962 2896 2105 2944 veniat
2128 2898 2312 2956 prolem·
