2462 3112
1256 131 1318 170 X!

193 265 379 309 querum
400 250 539 294 altero
561 250 722 292 Auster
742 249 827 292 dux
847 250 1028 306 inquieti
1049 248 1240 291 Hadriae
1261 249 1480 300 turbidus,
1511 248 1649 292 altero
1673 256 1812 292 autem
1837 250 1983 292 Notus
2005 249 2166 293 arbiter
2187 250 2381 295 Hadriae

193 317 456 378 appellatur,
485 325 529 360 et
548 315 693 360 verbis
717 316 888 368 Ovidii,
918 331 1032 373 quae
1055 317 1260 374 leguntur
1282 318 1409 360 Trist.
1433 318 1463 360 Ι.
1484 318 1533 369 2,
1561 318 1650 360 25.:
1678 319 1831 361 Nescit
1855 320 1922 360 cui
1944 318 2122 362 domino
2142 343 2197 350 —
2216 326 2379 363 ventos

193 393 335 430 autem
366 385 469 428 dicit
499 410 552 419 —
583 392 736 442 pareat
762 384 879 428 unda
908 387 1048 428 maris.
1082 409 1135 419 —
1165 400 1205 428 v.
1242 386 1308 427 10.
1338 385 1570 428 instabiles
1594 393 1737 429 rates:
1768 386 1872 428 nihil
1902 386 2019 429 aliud
2050 386 2263 443 significat
2292 388 2377 431 nisi

190 457 388 499 iactatas
401 451 628 506 fluctibus
657 459 793 496 rates.
832 453 923 496 Iuv.
954 454 1005 495 X.
1034 453 1104 495 31.
1143 453 1351 496 alternum
1389 456 1547 510 puppis
1583 454 1694 496 latus
1727 454 2016 496 evertentibus
2051 455 2190 497 undis.
2252 455 2381 511 Quo-

192 523 304 564 circa
334 526 492 578 poetae
522 523 803 578 navigationis
833 521 1034 577 periculis
1070 528 1162 564 tuta
1199 528 1242 563 et
1272 536 1422 564 secura
1455 524 1566 564 ruris
1608 529 1649 565 ct
1680 521 1832 578 oppidi
1862 529 2103 578 opponunt.
2134 545 2188 554 —-
2237 537 2276 564 v.
2309 521 2376 566 13.

191 589 292 632 Iam
321 587 427 632 mihi
450 589 683 647 persolvet
709 604 895 648 poenas.
942 590 992 632 ln
1019 591 1168 646 paucis
1199 589 1319 631 libris
1351 596 1413 632 est
1440 590 1673 648 persolves
1695 623 1707 640 ,
1739 589 1857 646 quod
1886 591 2047 633 Vossio
2079 597 2121 633 et
2145 591 2378 634 Wunder·

190 657 322 702 lichio
352 655 585 715 probatum
615 664 700 709 cst,
732 657 914 700 fortasse
936 660 1035 714 quia
1057 658 1122 700 his
1141 656 1286 700 verbis
1316 657 1387 700 illa
1412 657 1718 707 subiici11ntur;
1749 658 1983 716 pulvisque
2007 657 2234 709 detrahe&
2261 670 2378 718 puer·

192 726 319 768 etiam
344 726 608 782 interpositis
631 724 812 767 vocibus
833 724 956 767 Deus
980 748 1035 758 —
1056 725 1136 768 illa
1161 749 1207 756 -—
1234 732 1385 768 vertat
1411 741 1435 768 a
1462 725 1602 768 verbo
1630 726 1861 783 persolvet
1891 726 2061 783 longius
2083 726 2221 769 abest:
2253 727 2377 770 deni-

190 807 277 850 que
299 794 399 850 quia
421 792 570 850 paullo
597 792 707 835 infra
728 795 932 850 scriptum
963 801 1028 835 est
1056 799 1163 836 tunc
1184 792 1290 836 mihi
1310 793 1505 837 iurabas.
1546 795 1710 836 Verum
1743 802 1785 836 et
1816 794 1922 838 illud
1945 795 2120 852 planum
2152 803 2237 847 est,
2264 810 2374 853 pue-

191 875 294 903 rum
315 860 400 903 dici
418 875 592 919 poenas
611 861 969 918 persoluturum,
998 868 1040 903 et
1061 876 1344 917 personarum
1367 863 1722 905 commutationes
1744 863 1858 918 apud
1880 871 2031 920 poetas
2052 870 2151 906 sunt
2172 863 2376 920 frequen·

191 930 387 972 tissimae.
418 928 564 980 Adde,
588 928 707 986 quod
728 929 839 971 infra
857 928 1060 971 Tibullus
1079 929 1439 985 quemadmodum
1458 945 1637 986 puerum
1659 930 1930 973 admonuerit
1947 934 2003 974 ita
2021 938 2184 982 narrat,
2205 938 2253 975 ut
2275 945 2373 974 eum

191 997 329 1053 ipsum
352 995 622 1054 alloquatur:
645 1011 728 1054 qua
749 996 804 1040 de
825 1011 973 1039 caussa
995 1000 1136 1039 oratio
1160 997 1214 1041 ad
1237 998 1469 1040 secundam
1492 1013 1721 1054 personam
1746 998 2053 1042 deflecteretur
2072 1014 2249 1042 necesse
2270 1006 2374 1043 erat.

192 1063 328 1108 Nulla
358 1067 486 1121 igitur
522 1079 672 1107 caussa
712 1071 774 1107 est
808 1066 910 1107 satis
939 1065 1099 1108 idonea
1118 1099 1128 1117 ,
1168 1081 1245 1108 cur
1275 1069 1533 1122 optimorum
1566 1065 1777 1108 librorum
1808 1069 2018 1124 scriptura
2053 1066 2287 1110 deseratur.
2317 1090 2373 1099 ·-

192 1147 232 1174 ν.
256 1133 321 1175 17.
353 1146 469 1175 auro
499 1147 557 1175 ne
583 1133 739 1190 pollue
758 1131 981 1187 formam.
1023 1133 1151 1189 Quae
1170 1134 1418 1176 Huschkius
1448 1134 1502 1176 ad
1532 1135 1645 1176 hunc
1674 1134 1816 1176 locum
1848 1137 2090 1187 annotavit,
2121 1135 2249 1192 plena
2274 1142 2376 1180 sunt

194 1200 447 1243 eruditionis
479 1207 520 1243 et
550 1199 799 1244 doctrinae:
838 1201 914 1243 sed
953 1203 998 1243 in
1028 1201 1260 1244 verborum
1302 1203 1656 1258 interpretatione
1693 1202 1933 1259 paullulum
1976 1203 2031 1246 ab
2063 1217 2116 1246 eo
2153 1203 2374 1247 dissentio.

192 1266 271 1311 lile
301 1269 412 1311 enim
445 1267 666 1311 Tibullum
697 1268 788 1312 vult
829 1268 885 1311 de
923 1284 1061 1325 puero
1092 1269 1214 1327 loqui
1245 1277 1446 1327 tanquam
1479 1269 1535 1312 de
1565 1270 1741 1326 pulchra
1774 1278 1938 1323 statua,
1977 1287 2104 1328 quam
2138 1286 2246 1315 auro
2275 1271 2376 1330 pol—

188 1335 310 1379 luere
340 1335 459 1379 nesas
497 1338 561 1379 sit.
617 1337 747 1393 Quae
784 1339 894 1380 enim
926 1336 1136 1380 artificum
1169 1352 1303 1395 opera
1330 1340 1511 1394 proprio
1543 1352 1592 1379 ac
1621 1353 1701 1380 suo
1729 1340 1869 1381 nitore
1900 1338 2129 1395 splendere
2165 1339 2373 1392 debeant,

192 1418 242 1447 ea
273 1403 518 1447 adventicio
551 1404 702 1447 colore
737 1412 778 1447 et
806 1412 1059 1448 ornamento
1091 1406 1272 1449 inducto
1301 1406 1441 1463 pollui
1469 1421 1546 1448 seu
1575 1405 1742 1448 violari.
1804 1407 1998 1463 Explicat
2027 1410 2181 1464 igitur:
2212 1422 2374 1451 verun-

188 1473 351 1530 reinige
383 1471 511 1515 deine
539 1472 706 1516 Gestalt
731 1474 847 1516 nicht
879 1473 1013 1516 durch
1037 1473 1171 1516 Gold.
1208 1473 1420 1531 Equidem
1437 1473 1670 1528 sormam,
1701 1481 1749 1516 ut
1779 1476 2031 1527 sexcenties,
2062 1477 2123 1517 sic
2151 1475 2234 1519 hoc
2264 1490 2375 1533 quo-

189 1554 275 1598 que
309 1539 408 1583 loco
442 1554 598 1584 sonare
630 1549 737 1598 puto
766 1541 1127 1598 pulchritudinem
1161 1543 1253 1590 sive
1281 1550 1543 1585 venustatem
1577 1556 1756 1598 eamque
1785 1549 1833 1585 ut
1870 1557 1958 1585 rem
1988 1558 2150 1585 sacram
2180 1551 2376 1587 attrecta-

189 1610 312 1652 tione
339 1607 459 1651 nolle
491 1616 662 1666 poetam
693 1610 856 1653 violari.
895 1610 1073 1666 Scripsit
1099 1618 1240 1653 autem
1269 1611 1476 1668 polluere
1506 1625 1601 1652 cum
1627 1610 1821 1662 delectu,
1853 1614 2013 1668 quippe
2046 1611 2166 1668 quod
2189 1611 2373 1655 verbum

192 1684 237 1720 et
265 1676 322 1719 de
351 1676 536 1733 flagitiis,
568 1678 809 1730 adulteriis,
840 1682 1018 1735 stupris,
1048 1681 1221 1721 incestis
1253 1686 1504 1735 usurpatum
1537 1686 1577 1721 et
1608 1677 1662 1720 ad
1692 1678 1926 1721 notandam
1949 1693 2116 1722 morum
2148 1687 2374 1738 corrupte-

186 1743 270 1786 lam
291 1747 551 1801 aptissimum
579 1753 700 1788 esset.
732 1761 846 1789 auro
870 1753 934 1788 est
957 1762 1031 1788 um
1059 1745 1204 1790 Gold:
1236 1749 1418 1804 pretium
1441 1749 1550 1789 enim
1573 1747 1804 1803 significat,
1837 1762 1924 1804 quo
1947 1762 2126 1804 puerum
2149 1750 2276 1790 istum
2296 1749 2375 1792 ho·

188 1813 291 1854 mini
310 1826 467 1868 spurco
491 1811 738 1869 pudicitiam
762 1813 1007 1856 vendidisse
1031 1822 1160 1871 poeta
1184 1817 1442 1858 criminatur.
1471 1818 1685 1858 sententia
1710 1823 1791 1858 est:
1821 1816 2031 1858 entweihe
2055 1815 2183 1858 deine
2207 1817 2375 1859 Schon-

188 1879 277 1922 heit
295 1880 413 1922 nicht
433 1894 504 1922 um
524 1879 656 1923 Gold.
678 1905 733 1914 -
755 1897 793 1924 v.
809 1882 878 1924 23.
910 1881 1013 1926 Nec
1034 1882 1112 1926 tibi
1133 1882 1310 1926 celandi
1330 1899 1432 1941 spes
1450 1886 1507 1926 sit
1520 1898 1711 1941 peccare
1729 1887 1931 1942 par-anti:
1953 1891 2022 1926 est
2039 1883 2149 1927 deus
2167 1885 2373 1928 occultos

189 1947 267 2004 qui
293 1953 418 1990 vetat
447 1962 545 1990 esse
575 1947 720 1991 dolos.
762 1949 833 1991 Sic
862 1949 1052 2006 Scaliger
1082 1950 1203 1994 dedit
1234 1951 1289 1994 de
1319 1952 1562 2008 Excerptis,
1594 1966 1778 2008 quorum
1809 1952 1939 1994 fidem
1971 1952 2215 1995 Huschkius
2247 1959 2375 1995 testa-

191 2022 263 2058 tur
284 2022 490 2071 quattuor
511 2015 690 2058 aliorum
723 2015 933 2059 librorum
958 2019 1167 2074 scriptura
1190 2018 1362 2061 firmari.
1394 2018 1654 2075 Scaligerum
1676 2022 1814 2062 secuti
1836 2027 1935 2062 sunt
1954 2020 2172 2077 Heynius,
2204 2021 2373 2063 Husch-

185 2082 302 2134 kius,
333 2083 647 2135 Lachmannus,
679 2085 926 2135 Dissenius,
960 2085 1196 2143 Gruppius.
1246 2088 1303 2128 At
1322 2087 1519 2143 Heynius
1543 2089 1586 2129 in
1615 2087 1966 2130 annotationibus
1990 2088 2163 2130 alteram
2189 2091 2371 2145 scriptu-

186 2165 296 2194 ram:
326 2150 428 2195 Nec
459 2151 535 2194 tibi
555 2151 720 2195 celanti
737 2153 826 2206 fas
855 2155 915 2196 sit
942 2169 1152 2211 peccare:
1179 2157 1365 2212 paranti
1390 2158 1450 2198 sit
1470 2155 1592 2199 Deus
1623 2156 1830 2200 occultos
1861 2158 1936 2214 qui
1963 2163 2085 2200 vetet
2112 2172 2209 2199 esse
2237 2156 2373 2200 dolos

186 2218 471 2276 plurimorum
501 2234 716 2262 consensu
745 2223 949 2264 munitam
981 2222 1272 2266 difficiliorem
1304 2223 1477 2280 quidem
1507 2226 1564 2267 ait
1593 2238 1705 2276 esse,
1735 2224 1814 2267 sed
1845 2226 2084 2274 certiorem.
2125 2225 2374 2269 Huschkius

187 2294 338 2331 contra
369 2287 689 2344 diligentissime
721 2289 1044 2346 Scaligerianae
1076 2293 1316 2347 scripturae
1347 2299 1480 2334 cavet.
1525 2293 1821 2335 Veruntamen
1851 2307 1961 2349 quos
1998 2294 2090 2349 ipse
2120 2292 2241 2335 locos
2272 2307 2375 2336 con-

186 2356 341 2412 gessit,
379 2370 429 2398 ex
459 2358 508 2398 iis
540 2356 745 2409 discitur,
783 2365 824 2400 et
861 2372 936 2400 cos
957 2391 967 2408 ‚
1007 2361 1083 2415 qui
1114 2358 1276 2401 fraudis
1308 2358 1473 2416 aliquid
1503 2359 1727 2403 admissuri
1764 2362 1847 2402 sint
1887 2368 1959 2403 aut
1997 2360 2163 2403 facinus
2194 2360 2374 2417 aliquod

186 2425 328 2466 animo
358 2423 554 2475 volvant,
582 2440 659 2481 spe
692 2428 848 2477 teneri,
880 2427 976 2469 fore
1008 2434 1058 2469 ut
1088 2427 1263 2470 occulto
1294 2427 1338 2470 id
1369 2435 1639 2485 perpetrent:
1672 2435 1731 2479 et,
1762 2430 1838 2485 qui
1867 2428 1972 2471 alios
2004 2442 2028 2471 a
2058 2427 2283 2470 fraudibus
2313 2435 2376 2471 at-

186 2505 272 2547 que
301 2492 487 2548 peccatis
518 2506 702 2535 avocare
733 2492 901 2545 velint,
938 2509 1013 2537 eos
1046 2494 1091 2538 id
1129 2497 1399 2551 potissimum
1430 2510 1586 2552 agere,
1624 2503 1672 2539 ut
1710 2511 1828 2552 spem
1859 2495 2022 2539 latendi
2054 2503 2097 2539 et
2127 2495 2376 2539 occultandi

193 2559 342 2600 animis
363 2558 661 2616 improborum
683 2561 879 2604 evellant.
924 2562 1045 2605 Haec
1073 2563 1174 2604 mihi
1206 2570 1289 2605 tam
1322 2571 1607 2606 consentanea
1637 2567 1807 2606 veritati
1837 2571 2012 2620 tamque
2040 2567 2282 2606 necessaria
2313 2567 2376 2606 vi-

190 2623 348 2667 dentur
375 2640 495 2678 esse,
531 2634 580 2669 ut
610 2630 654 2669 in
694 2628 778 2671 hoc
808 2643 967 2686 genere
1005 2632 1235 2687 scriptores
1273 2634 1384 2673 inter
1413 2645 1460 2674 se
1498 2639 1540 2673 et
1580 2634 1804 2674 sententiis
1842 2639 1886 2675 et
1922 2631 2067 2674 verbis
2109 2633 2376 2675 consensisse

189 2704 286 2734 nen
312 2695 471 2735 mirer:
513 2708 595 2737 nec
624 2702 767 2739 tamen
796 2704 1026 2754 propterea
1056 2706 1163 2754 puto
1199 2699 1372 2740 alteram
1408 2701 1658 2755 scripturam
1690 2698 1790 2742 loco
1822 2714 1903 2742 suo
1935 2698 2232 2755 depellendam
2266 2714 2375 2742 esse.

188 2758 268 2801 Est
294 2762 406 2802 enim
435 2763 703 2805 manifestum
724 2798 736 2816 ‚
773 2772 904 2822 prout
931 2780 1076 2808 rerum
1109 2773 1152 2809 et
1184 2766 1402 2809 hominum
1433 2775 1585 2809 natura
1617 2775 1691 2808 aut
1720 2767 1924 2810 condicio
1955 2767 2063 2809 serat
2081 2799 2092 2818 ,
2133 2766 2216 2808 dici
2245 2781 2375 2823 posse

188 2832 263 2869 aut
288 2841 346 2870 ne
370 2826 448 2871 tibi
474 2843 577 2887 spes
605 2832 666 2874 sit
690 2831 912 2889 peccandi
936 2840 1012 2876 aut
1039 2848 1098 2876 ne
1127 2833 1205 2877 tibi
1223 2834 1312 2888 fas
1342 2836 1402 2878 sit
1422 2849 1626 2893 peccare.
1658 2834 1837 2877 alterum
1864 2841 1928 2877 est
1963 2851 1985 2870 n
1996 2848 2041 2877 es
2064 2835 2127 2877 sei
2155 2833 2223 2877 dir
2245 2834 2375 2878 keine

189 2893 439 2952 Hoffnung,
469 2895 568 2939 dich
599 2911 654 2940 zu
682 2900 938 2957 vei-gehen«.
969 2900 1155 2943 alterum
1193 2918 1212 2936 »
1223 2916 1267 2944 es
1298 2904 1361 2944 sei
1394 2901 1462 2944 dir
1494 2902 1623 2944 keine
1654 2901 1959 2958 Moglichkeit‚
1999 2901 2098 2945 dich
2126 2916 2182 2944 zu
2211 2917 2374 2960 vergu:

187 2975 375 3018 quorum
396 2963 479 3006 hoc
499 2966 623 3008 etiam
646 2965 800 3010 fortius
824 2968 982 3011 dictum
1006 2975 1091 3022 est,
1117 2984 1245 3026 quam
1267 2969 1386 3012 illud.
1423 2971 1562 3013 Nemo
1586 2977 1699 3012 certe
1719 2967 1933 3021 haerebit,
1961 2972 1996 3013 si
2018 2970 2191 3013 dixeris:
2220 2984 2275 3013 ne
2297 2969 2377 3014 tibi

1823 3038 1852 3079 2
1885 3036 1913 3063 ι
