2462 3112
1204 142 1267 191 IV

164 270 368 326 elegicum
403 281 701 323 componam,
735 267 868 323 quod·
897 266 951 309 ad
995 266 1295 309 sublimitatem
1333 281 1382 308 ac
1425 268 1671 322 gravitatem
1716 266 1876 323 lyricae
1918 270 2061 324 poesis
2106 267 2304 325 adspiret.

167 334 538 393 Quemadmodum
575 349 680 377 vero
710 335 915 379 Horatius
952 349 1033 385 eo,
1073 348 1198 390 quem
1237 349 1363 391 supra
1400 335 1640 386 attulimus,
1680 335 1779 378 loco
1818 336 2049 393 Calliopen
2088 336 2158 379 de¹
2182 337 2305 389 caelo

165 403 429 447 descendere
459 410 502 444 et
528 401 585 444 ab
617 417 667 444 ea
696 417 791 444 sese
822 403 967 444 doceri
997 401 1118 452 vult,
1154 404 1215 443 sic
1244 402 1443 445 Tibullus
1476 411 1674 458 precatur
1692 437 1701 454 ,
1729 411 1776 446 ut
1806 419 2005 460 praesens
2033 403 2304 461 Apollo&
2332 431 2339 445 f·

165 473 289 528 quasi
324 470 456 512 verba
492 469 731 526 modosque
765 478 963 526 praeeat,
1013 469 1170 526 quibus
1211 472 1426 526 cooptatio
1461 470 1682 512 Messalini
1721 473 1800 513 rite
1845 487 1894 514 ac
1936 472 2063 528 digne
2099 471 2304 515 celebrari

163 541 313 595 possit.
370 538 570 582 Ceterum
603 538 660 580 de
698 539 1016 587 constructione
1044 536 1165 578 verbi
1191 539 1368 593 precari
1397 552 1490 579 cum
1520 537 1731 579 infinitivo
1760 538 1882 589 vide,
1920 554 2028 595 quae
2056 539 2303 582 Huschkius

165 615 210 649 et
244 607 469 649 Dissenius
507 605 562 648 ad
600 606 639 648 h.
676 605 703 647 l.
740 613 1010 648 annotarunt.
1070 604 1190 647 Male
1225 607 1353 660 igitur
1389 606 1572 647 Vossius
1608 608 2015 660 scripturamunius
2049 606 2148 649 libri
2184 621 2304 651 nnnc

166 688 281 731 opus
309 676 538 716 revocavit.
569 698 619 707 -
651 688 690 716 v,
723 674 788 715 ll.
833 673 909 716 tibi
938 672 1113 715 deditus
1144 687 1303 730 augur.
1351 674 1479 714 Varia
1511 675 1715 728 scriptura
1742 673 1919 716 debitus>
1940 681 2022 716 tam
2051 677 2191 730 inepta
2218 682 2302 726 est,

165 750 215 785 ut
241 745 395 792 mirer,
437 741 686 783 defensores
725 755 816 782 eam
854 749 1017 783 nactam
1053 755 1145 783 esse
1175 740 1433 797 Scaligerum
1464 749 1505 784 et
1535 742 1763 797 Heynium.
1825 742 2067 784 Huschkius
2095 742 2301 798 vulgatam

163 817 384 869 comparat
413 809 619 852 locutioni
649 808 936 867 religionibus
973 808 1168 852 deditum
1197 823 1310 851 esse:
1340 808 1563 851 Dissenius
1585 807 1728 850 verbis
1752 809 1932 860 Tibulli,
1963 824 2072 866 quae
2095 809 2122 851 l.
2147 809 2178 852 1.
2201 812 2303 860 aa,

162 892 204 920 v.
228 879 283 920 97
313 878 530 934 leguntur:
560 892 726 933 semper
753 877 831 919 tibi
863 879 1077 930 (Veneri)
1109 877 1249 919 dedita
1277 877 1405 918 servit
1425 877 1549 918 Mens
1570 891 1674 918 mea.
1704 876 1912 932 Equidem
1933 877 2035 932 quid
2057 876 2304 919 offensionis

163 947 208 987 in
239 947 302 987 his
325 945 470 987 verbis
500 948 576 995 sit,
606 959 696 987 non
725 945 868 987 video.
913 945 1015 986 Erat
1045 947 1154 986 enim
1185 944 1395 1000 auguralis
1426 945 1632 1000 quaedam
1662 945 1894 1001 disciplina.
1932 944 2126 987 deditum
2163 948 2303 987 autem

164 1027 263 1055 esse
299 1012 457 1054 studiis
493 1015 655 1054 artium
692 1012 854 1054 locutio
893 1021 957 1054 est
994 1014 1270 1054 usitatissima.
1330 1011 1440 1054 Cum
1478 1026 1543 1053 ars
1574 1027 1778 1068 augurum
1808 1019 1896 1054 tota
1927 1020 2035 1055 esset
2068 1014 2112 1054 in
2142 1012 2304 1058 divina·

162 1082 282 1122 tione
319 1083 457 1136 posita
474 1113 484 1131 ‚
515 1081 632 1136 quod
665 1095 818 1121 munus
850 1087 941 1122 erat
969 1080 1427 1137 Apollinisrproprium
1447 1115 1456 1132 ‚
1483 1096 1564 1137 pro
1599 1090 1793 1124 accurata
1821 1082 2030 1138 auguralis
2059 1081 2303 1137 disciplinae

163 1150 347 1190 scientia·
370 1156 498 1204 poeta
529 1148 655 1189 deum
689 1150 779 1190 eius
808 1148 1047 1204 praesidem
1077 1151 1231 1203 posuit.
1281 1150 1357 1190 Est
1387 1157 1524 1191 autem
1555 1150 1638 1191 hoc
1666 1149 1764 1192 loco
1796 1149 1870 1192 tibi
1898 1152 1924 1191 i.
1955 1164 1992 1192 e.
2012 1149 2201 1205 Apollini
2227 1148 2303 1191 de-

164 1214 284 1258 ditus
324 1230 473 1273 augur
510 1215 695 1266 dictum,
730 1222 777 1258 ut
815 1215 928 1271 apud
959 1217 1180 1257 Horatium
1214 1216 1343 1257 Serm.
1372 1216 1429 1267 11,
1469 1217 1516 1268 3,
1558 1218 1658 1258 105;
1704 1233 1782 1259 nec
1819 1217 1961 1259 studio
2001 1218 2186 1259 citharae
2221 1230 2303 1260 nec

165 1282 331 1324 Musae
362 1282 537 1325 deditus
568 1283 658 1325 ulli.
689 1308 743 1314 —
769 1298 808 1325 v,
842 1284 906 1324 15.
945 1283 1079 1338 Quod
1110 1285 1188 1324 iam
1218 1284 1319 1326 inde
1346 1283 1400 1326 ab
1429 1285 1570 1326 Aldin.
1603 1286 1711 1327 1515
1740 1288 1784 1326 in
1813 1284 1931 1326 libris
1960 1285 2115 1326 lectum
2147 1293 2210 1327 est
2236 1284 2302 1327 Si*-

162 1350 284 1406 hylla
315 1358 406 1401 est,
445 1352 638 1406 Heynio,
671 1351 890 1392 Huschkio
922 1359 964 1393 ct
992 1352 1191 1393 Dissenio
1222 1351 1440 1406 probatur.
1498 1355 1639 1408 Atque
1672 1355 1706 1394 is
1736 1353 1905 1408 quidem
1932 1353 2164 1394 secundum
2192 1351 2301 1394 illud

162 1426 435 1475 praeceptum
455 1453 464 1469 ‚
496 1419 614 1474 quod
636 1426 877 1460 commentt.
899 1434 938 1474 p.
961 1420 1013 1460 17
1036 1419 1264 1475 multisque
1289 1419 1379 1461 aliis
1410 1419 1514 1461 locis
1535 1419 1727 1470 tradidit,
1757 1423 1815 1461 ita
1843 1420 1924 1475 legi
1949 1422 2084 1470 iussit,
2115 1433 2202 1475 quo
2222 1431 2302 1460 no·-

165 1501 263 1528 men
294 1486 488 1541 Sibyllae
519 1500 627 1528 sono
660 1487 883 1528 efferretur
908 1486 1102 1542 pleniori.
1132 1489 1289 1529 Nonne
1311 1502 1415 1529 vero
1435 1488 1477 1529 id
1499 1502 1655 1529 nomen
1677 1502 1753 1543 per
1776 1502 1820 1530 se
1838 1490 1984 1544 ipsum
2013 1490 2111 1530 satis
2139 1489 2301 1542 insigne

163 1556 250 1595 est?
300 1555 412 1604 Nec,
444 1554 561 1610 quod
591 1553 701 1595 iufra
731 1553 883 1608 legitur
910 1569 948 1595 ν.
982 1555 1048 1596 49.
1088 1555 1244 1596 Lavini
1271 1561 1339 1596 est
1369 1570 1462 1596 cum
1494 1556 1557 1596 his
1592 1555 1798 1597 conferes.
1827 1557 2048 1610 utriusque
2077 1556 2187 1596 enim
2216 1554 2302 1596 loci

166 1623 276 1663 ratio
304 1621 461 1663 differt.
522 1623 637 1663 Toto
674 1623 783 1663 enim
823 1623 905 1664 hoc
933 1622 1032 1664 loco
1060 1622 1103 1664 id
1132 1625 1393 1679 potissimum
1423 1624 1575 1676 agitur,
1611 1631 1658 1663 ut
1685 1622 2015 1671 demonstretur,
2054 1621 2177 1662 deum
2210 1635 2302 1662 esse

164 1703 370 1730 veracem.
409 1692 563 1732 iccirco
595 1698 638 1731 et
669 1690 839 1732 oracula
872 1698 912 1732 et
949 1693 1122 1746 auguria
1153 1698 1194 1732 et
1223 1697 1361 1731 sortes
1391 1697 1432 1730 et
1461 1690 1725 1744 haruspicina
1758 1696 1799 1730 et
1831 1688 1929 1730 libri
1955 1688 2158 1744 Sibyllini
2189 1703 2301 1730 com·

162 1764 462 1799 memorantur.
521 1757 800 1799 Scribcndum
838 1759 963 1812 igitur
996 1757 1144 1799 fuisset
1182 1772 1407 1813 nimquam
1436 1763 1503 1798 est
1528 1756 1737 1809 frustata
1768 1755 1942 1810 Sibylla.
2002 1758 2164 1798 Verum
2196 1756 2301 1797 baec

164 1838 248 1865 vox
278 1832 395 1866 caret
423 1823 577 1866 idonea
609 1827 870 1866 auctoritate.
909 1826 1053 1879 Atque
1082 1832 1311 1880 praecepto
1333 1825 1518 1866 Dissenii
1548 1832 1706 1865 tantum
1737 1823 2009 1865 tribuendum
2040 1832 2120 1874 est,
2138 1831 2198 1880 ,ut
2228 1837 2301 1865 co-

163 1892 307 1934 dicum
335 1907 585 1935 consensum
615 1892 750 1948 pluris
782 1907 874 1934 esse
905 1894 1123 1934 existimes.
1157 1892 1303 1947 Quid?
1333 1892 1445 1933 haud
1475 1895 1627 1933 iniuria
1658 1892 1830 1942 dixeris,
1860 1893 2149 1933 necessitatem
2177 1889 2300 1932 etiam

163 1967 239 2000 aut
269 1963 517 2002 suavitatem
546 1975 819 2002 numerorum
849 1962 891 2002 in
931 1961 1031 2002 sede
1061 1961 1159 2002 huic
1197 1959 1331 2001 verbo
1369 1959 1617 2015 assignanda
1655 1973 1783 2014 saepe
1819 1973 1908 2000 non
1937 1959 2072 2000 minus
2099 1958 2299 2008 valuisse,

162 2041 289 2082 quam
321 2042 411 2069 eam
442 2030 648 2069 rationem
670 2061 679 2078 ‚
724 2028 776 2070 ad
819 2043 942 2083 quam
982 2035 1180 2083 tanquam
1219 2027 1351 2083 legem
1392 2042 1440 2068 ac
1478 2041 1665 2068 normam
1693 2026 1913 2068 Disseuius
1943 2027 2050 2067 hanc
2077 2040 2163 2068 rem
2195 2027 2300 2081 exigi

161 2096 310 2139 voluit.
336 2120 388 2127 —
409 2111 447 2139 v,
471 2097 535 2139 18.
566 2098 717 2138 Utrum
750 2095 855 2153 quid
883 2111 935 2138 an
966 2095 1087 2153 quod
1117 2102 1250 2138 canat
1279 2094 1505 2149 legendum
1532 2096 1602 2144 sit,
1633 2109 1726 2135 cum
1759 2108 1808 2135 ex
1839 2093 2094 2149 compendio
2123 2095 2300 2149 scriptu-

161 2179 236 2206 rae
273 2173 499 2220 utrumque
540 2165 684 2220 effingi
726 2166 928 2219 potuerit,
970 2165 1218 2205 auctoritate
1262 2162 1467 2205 librorum
1508 2165 1573 2204 vix
1612 2152 1752 2218 potest
1789 2162 1973 2204 decerni.
2030 2163 2087 2204 At
2116 2167 2298 2212 constat,

162 2231 297 2283 doce,
333 2232 441 2290 quid
477 2239 611 2275 canat
650 2246 742 2274 esse
778 2232 893 2273 lehre
933 2231 1002 2271 vel
1041 2233 1172 2286 zeige,
1210 2245 1297 2271 was
1336 2245 1382 2271 er
1415 2233 1539 2285 singt:
1578 2230 1693 2285 quod
1730 2231 1801 2285 qui
1839 2229 1956 2279 dicit,
1994 2231 2030 2271 is
2061 2232 2224 2285 ignorat
2252 2229 2298 2272 id

161 2302 331 2355 ipsum,
369 2298 485 2354 quod
528 2301 621 2354 quis
658 2301 791 2349 canit,
832 2298 962 2354 idque
1006 2312 1055 2339 ex
1090 2298 1225 2339 altero
1264 2300 1525 2339 sciscitatur:
1563 2297 1696 2347 doce,
1726 2295 1848 2353 quod
1876 2299 1994 2338 canit
2021 2304 2158 2337 autem
2186 2295 2299 2337 valet

161 2366 287 2409 theile
322 2369 395 2408 mit
430 2366 501 2407 vel
538 2366 726 2409 berichte
765 2366 866 2416 das,
909 2380 997 2407 was
1039 2367 1158 2407 einer
1201 2367 1309 2418 singt
1348 2364 1415 2405 vel
1458 2365 1732 2419 prophezeit:
1771 2363 1981 2418 denique,
2028 2363 2138 2406 doce
2176 2361 2298 2420 quod

161 2440 298 2476 cariat
327 2440 389 2475 est
419 2433 536 2475 lehre
566 2448 641 2474 seu
671 2434 799 2475 deute
830 2433 922 2482 das,
951 2448 1038 2474 was
1070 2435 1187 2474 einer
1212 2430 1327 2472 wohl
1355 2433 1498 2486 singen
1529 2431 1596 2471 vel
1626 2430 1912 2485 prophezeicn
1942 2446 2045 2486 mag.
2076 2438 2164 2472 tum
2191 2443 2294 2471 vero

160 2514 252 2542 non
279 2499 430 2548 verba,
460 2501 534 2542 sed
564 2503 770 2542 sententia
799 2502 1026 2555 ignoratur.
1067 2502 1208 2556 Atque
1239 2499 1321 2540 hoc
1350 2499 1447 2540 loco
1477 2506 1603 2553 poeta
1631 2498 1869 2553 Apollinem
1899 2513 1986 2540 non
2017 2497 2106 2539 vult
2135 2497 2295 2548 dicere,

160 2566 269 2624 quid
297 2567 465 2623 Sibylla
497 2574 639 2616 canat,
669 2567 745 2608 sed
774 2569 1041 2622 interpretari
1070 2578 1164 2608 eum
1198 2566 1317 2608 iubet
1345 2567 1682 2607 vaticinationem
1706 2565 1966 2621 Sibyllinam.
2010 2566 2143 2606 Recte
2171 2567 2296 2620 igitur

159 2635 314 2690 legitur
350 2634 472 2691 quod
510 2641 655 2677 canat.
714 2635 838 2689 Quae
866 2635 1088 2676 Dissenius
1118 2636 1161 2675 in
1194 2637 1468 2676 annotatione
1499 2634 1551 2675 ad
1584 2635 1695 2675 hunc
1724 2634 1862 2676 locum
1897 2633 2061 2683 attulit,
2099 2633 2182 2674 huc
2207 2647 2296 2676 non

158 2703 402 2758 pertinent:
440 2708 554 2743 certe
591 2703 840 2756 scripturam
880 2700 1002 2758 quod
1039 2715 1127 2742 non
1157 2702 1285 2754 magis
1314 2702 1525 2751 muniunt,
1565 2715 1688 2756 quam
1723 2700 1806 2741 loci
1843 2699 1897 2741 ab
1928 2699 2148 2741 Huschkio
2183 2699 2295 2742 allati

159 2783 254 2810 eam
285 2775 493 2810 evertunt.
521 2792 579 2799 -—-
607 2783 646 2809 v,
679 2768 733 2808 19
763 2783 853 2823 sqq.
891 2767 1016 2810 Haec:
1047 2767 1169 2810 dedit
1198 2769 1383 2809 Aeneae
1411 2775 1582 2818 sortes,
1609 2774 1845 2824 postquam
1870 2766 1945 2808 ille
1970 2773 2201 2823 parentem
2229 2766 2294 2808 di-

159 2838 276 2878 citur
317 2841 360 2877 et
404 2841 559 2892 raptos
601 2837 860 2878 sustinuisse
896 2836 1025 2878 lares.
1084 2835 1302 2877 Sententia
1341 2843 1402 2876 est
1447 2835 1600 2890 plana:
1651 2842 1787 2876 sortes
1826 2836 1995 2876 Aeneae
2039 2834 2156 2877 dedit
2195 2841 2295 2889 post

161 2910 322 2959 captam
353 2910 395 2944 et
429 2905 639 2944 incensam
672 2904 856 2944 Troiam.
917 2902 1006 2944 Ubi
1039 2901 1207 2958 Sibylla
1238 2903 1312 2944 has
1343 2909 1481 2944 sortes
1508 2905 1678 2943 Aeneae
1708 2901 1895 2953 dederit,
1930 2909 2056 2957 poeta
2086 2904 2178 2957 ipse
2204 2915 2294 2944 non

158 2970 285 3013 dicit:
327 2971 380 3013 de
408 2972 596 3013 virorum
626 2970 848 3012 doctorum
881 2970 1154 3026 opinionibus
1185 2970 1282 3012 vide
1310 2972 1364 3011 sis
1395 2970 1610 3026 Heynium
1642 2976 1682 3010 et
1711 2969 1876 3011 Dissen.
1906 2968 1959 3010 ad
1989 2969 2028 3010 h.
2058 2967 2086 3009 l.
2121 2967 2295 3010 Dicitur
