2462 3112
1144 95 1293 136 XXXI

81 237 93 243 ·-
120 206 213 259 ⁸tur
247 213 375 258 ctiam
408 214 645 272 scripturae
679 213 882 265 varietaS,
919 227 1046 270 quam
1084 212 1276 257 diximus.
1333 213 1445 258 Mihi
1480 213 1616 257 verba
1651 215 1870 259 immerito
1902 228 2075 274 pronas
2107 220 2307 271 suspecta

127 282 469 333 sunt31'ortasse
498 280 775 326 scribendum
803 288 886 324 est:
922 281 1143 361 ducarque
1174 281 1338 339 capillis
1369 281 1420 325 In
1447 281 1612 325 medias
1642 296 1830 340 propere
1865 284 2166 340 proripiarque
2203 283 2306 324 vias.

135 349 310 395 Terent.
328 349 408 393 IV.
427 346 479 403 4
496 349 574 392 37.
606 350 708 394 Nisi
735 364 919 407 puerum
946 350 1123 403 tollis,
1111 365 1196 393 lam
1227 364 1307 407 ego
1336 350 1452 393 hunc
1479 352 1526 394 in
1555 349 1738 392 mediam
1762 351 1873 392 viam
1896 349 2151 407 provolvam
2175 355 2307 405 teque

134 417 295 464 ibidem
320 417 567 477 pervolvam
596 421 642 463 in
670 418 777 462 luto.
808 443 863 455 -
911 434 980 463 vv.
1008 419 1063 462 77
1090 433 1183 475 sqq.
1237 418 1359 475 Quas
1391 417 1537 461 turbas
1566 419 1612 461 in
1640 418 1705 461 his
1734 416 1931 461 versibus
1962 420 2063 461 civit
2092 417 2305 474 ignoratio

131 484 464 539 vocabulorum,
501 500 615 544 quae
648 488 856 543 operariis
891 493 935 530 et
966 484 1203 529 artificibus
1237 493 1443 544 usurpata
1474 493 1621 537 erant,
1665 485 1894 529 doctorum
1934 488 2124 529 virorum
2169 498 2304 541 opera

131 555 179 597 in
212 553 473 611 explicandis
507 569 604 597 cum
639 553 863 598 vocabulis
898 561 987 598 tum
1018 553 1152 598 rebus
1183 554 1392 598 collocata
1421 555 1503 597 iam
1532 553 1707 596 sedatae
1738 560 1780 597 et
1811 555 2075 610 compositae
2107 559 2217 595 sunt.
2250 575 2305 582 —

108 629 172 665 Ὗ.
196 620 266 683 85,
310 622 433 666 Haec
460 621 554 666 aliis
583 622 814 666 maledicta
844 623 1018 666 cadant:
1048 637 1149 674 nos,
1178 622 1327 674 Delia,
1358 625 1515 666 amoris
1544 621 1798 679 Exemplum
1830 636 1934 665 cana
1963 624 2092 665 simus
2121 628 2306 677 uterque

131 702 268 741 coma.
319 690 371 734 In
398 690 619 735 nonnullis
649 690 771 734 libris
802 705 884 748 pro
912 692 1051 734 simus
1080 690 1240 748 legitur
1266 698 1446 734 stemus.
1500 690 1693 735 Suborta
1719 698 1859 734 tamen
1890 697 1955 734 est
1980 691 2189 747 suspicio,
2217 695 2307 731 ste-

131 771 231 802 mus
259 761 464 828 scriptum
495 774 589 803 esse
619 758 674 802 ab
705 761 895 812 homine,
931 761 1007 816 qui
1036 767 1212 816 cuperet
1241 759 1404 817 aliquid
1436 773 1548 811 esse,
1588 758 1707 816 quod
1738 765 2034 817 opponeretur
2063 756 2199 800 verbo
2230 771 2306 800 ca-

133 824 268 870 dant:
298 811 376 871 sed
403 827 450 871 id
480 827 712 871 admodum
740 827 855 871 soret
883 826 1050 885 puerile
1081 834 1122 870 et
1150 829 1352 884 ineptum.
1396 829 1453 871 At
1479 830 1682 884 quoniam
1709 833 1834 870 stare
1862 826 2064 869 dicuntur
2091 840 2160 876 ea,
2192 837 2304 881 quae

132 893 256 938 firma
280 902 324 939 et
346 895 546 939 diuturna
567 902 685 949 sunt,
706 897 957 953 scriptores,
976 894 1053 938 ubi
1074 895 1257 952 intelligi
1278 894 1448 948 volunt,
1479 896 1644 953 aliquid
1666 910 1758 939 non
1779 896 1912 940 modo
1936 910 2047 948 esse,
2078 893 2157 937 sed
2177 895 2305 937 etiam

133 962 297 1008 durare
320 971 363 1007 et
389 965 435 1007 in
461 978 542 1019 suo
571 971 684 1008 statu
712 978 983 1022 permanere,
1020 970 1146 1007 stare
1175 963 1405 1020 usurpant,
1436 964 1556 1022 quod
1585 966 1842 1021 interpretes
1872 979 1954 1021 pro
1987 963 2085 1007 exili
2115 969 2157 1005 et
2185 962 2304 1005 tenui

134 1030 270 1075 verbo
299 1046 398 1075 esse
424 1034 612 1090 positum
644 1031 801 1075 dicunt.
859 1032 958 1074 Nec
988 1034 1213 1088 quisquam
1243 1034 1341 1084 erit,
1382 1035 1458 1089 qui
1486 1041 1630 1091 neget,
1669 1041 1850 1077 venuste
1890 1033 2049 1077 dictum
2086 1045 2180 1088 esse
2214 1037 2304 1074 ste-

134 1114 234 1144 mus
270 1101 521 1160 exemplum
558 1103 725 1144 amoris
762 1103 788 1144 i.
819 1115 854 1143 e.
892 1102 971 1143 wir
1007 1099 1169 1154 wellen
1205 1099 1266 1143 als
1304 1102 1373 1143 ein
1409 1101 1577 1145 Muster
1614 1101 1692 1144 der
1722 1101 1858 1144 Liebe
1895 1100 2099 1145 dastehen
2128 1098 2199 1141 vel
2234 1099 2305 1140 ein

134 1168 307 1212 Muster
335 1169 413 1212 der
442 1169 580 1213 Liebe
610 1169 681 1212 fiir
709 1169 792 1212 alle
821 1171 972 1212 Zeiten
999 1171 1103 1212 sein.
1162 1170 1328 1211 Verum
1368 1172 1480 1212 enim
1518 1184 1625 1212 vero
1663 1184 1760 1212 cum
1798 1169 1892 1213 aliis
1929 1169 2057 1221 lociS,
2093 1174 2183 1210 tum
2220 1165 2305 1208 hoc

133 1237 250 1294 ipso,
280 1236 336 1280 de
365 1248 455 1294 quo
486 1239 671 1294 agimus,
703 1239 860 1281 iniuria
892 1236 1114 1296 expulsum
1144 1244 1207 1280 est
1235 1236 1417 1280 verbum
1445 1252 1553 1281 esse.
1614 1236 1880 1296 simplicitati
1910 1244 2025 1281 certe
2054 1237 2185 1279 totius
2214 1232 2302 1277 loci

133 1303 402 1370 inaffectatae
429 1308 561 1364 magis
591 1309 796 1350 convenit
825 1307 979 1359 simus,
1011 1320 1137 1363 quam
1167 1312 1346 1349 stemus.
