<?xml version="1.0" encoding="UTF-8"?>
<!DOCTYPE html PUBLIC "-//W3C//DTD XHTML 1.0 Transitional//EN"
    "http://www.w3.org/TR/xhtml1/DTD/xhtml1-transitional.dtd">
<html xmlns="http://www.w3.org/1999/xhtml" xml:lang="en" lang="en">
 <head>
  <title>
</title>
<meta http-equiv="Content-Type" content="text/html;charset=utf-8" />
  <meta name='ocr-system' content='tesseract 3.04.00' />
  <meta name='ocr-capabilities' content='ocr_page ocr_carea ocr_par ocr_line ocrx_word'/>
</head>
<body>
  <div class='ocr_page' id='page_1' title='image "annotationesadti00rigluoft_0042.png"; bbox 0 0 2462 3112; ppageno 0'>
   <div class='ocr_carea' id='block_1_1' title="bbox 1156 137 1236 182">
    <p class='ocr_par' dir='ltr' id='par_1_1' title="bbox 1156 137 1236 182">
     <span class='ocr_line' id='line_1_1' title="bbox 1156 137 1236 182; baseline 0.063 -12"><span class='ocrx_word' id='word_1_1' title='bbox 1156 137 1236 182; x_wconf 67' lang='lat' dir='ltr'><strong>JV</strong></span> 
     </span>
    </p>
   </div>
   <div class='ocr_carea' id='block_1_2' title="bbox 111 253 2356 2996">
    <p class='ocr_par' dir='ltr' id='par_1_2' title="bbox 111 253 2356 2996">
     <span class='ocr_line' id='line_1_2' title="bbox 123 253 2281 311; baseline 0.003 -17"><span class='ocrx_word' id='word_1_2' title='bbox 123 254 249 295; x_wconf 89' lang='lat' dir='ltr'><strong>tutati</strong></span> <span class='ocrx_word' id='word_1_3' title='bbox 278 253 486 295; x_wconf 72' lang='lat' dir='ltr'><strong><em>tristitiae</em></strong></span> <span class='ocrx_word' id='word_1_4' title='bbox 516 254 722 295; x_wconf 87' lang='lat' dir='ltr'><strong>rationem</strong></span> <span class='ocrx_word' id='word_1_5' title='bbox 751 253 877 296; x_wconf 82' lang='lat' dir='ltr'><strong>huius</strong></span> <span class='ocrx_word' id='word_1_6' title='bbox 916 255 1092 310; x_wconf 87' lang='lat' dir='ltr'><strong>genitivi</strong></span> <span class='ocrx_word' id='word_1_7' title='bbox 1122 253 1399 310; x_wconf 84' lang='lat' dir='ltr'><strong>explicarunt.</strong></span> <span class='ocrx_word' id='word_1_8' title='bbox 1458 253 1629 296; x_wconf 85' lang='lat' dir='ltr'>Nollem</span> <span class='ocrx_word' id='word_1_9' title='bbox 1660 254 1877 311; x_wconf 84' lang='lat' dir='ltr'><strong>Heynium</strong></span> <span class='ocrx_word' id='word_1_10' title='bbox 1907 256 1972 297; x_wconf 89' lang='lat' dir='ltr'><strong>his</strong></span> <span class='ocrx_word' id='word_1_11' title='bbox 2003 255 2148 299; x_wconf 85' lang='lat' dir='ltr'><strong>verbis</strong></span> <span class='ocrx_word' id='word_1_12' title='bbox 2177 270 2281 300; x_wconf 82' lang='lat' dir='ltr'><strong>con-</strong></span> 
     </span>
     <span class='ocr_line' id='line_1_3' title="bbox 124 318 2283 376; baseline 0.003 -15"><span class='ocrx_word' id='word_1_13' title='bbox 124 318 271 361; x_wconf 84' lang='lat' dir='ltr'><strong>tulisse</strong></span> <span class='ocrx_word' id='word_1_14' title='bbox 300 332 378 370; x_wconf 88' lang='lat' dir='ltr'><strong>ea,</strong></span> <span class='ocrx_word' id='word_1_15' title='bbox 411 333 522 375; x_wconf 91' lang='lat' dir='ltr'><strong>quae</strong></span> <span class='ocrx_word' id='word_1_16' title='bbox 552 318 752 376; x_wconf 87' lang='lat' dir='ltr'><strong>leguntur</strong></span> <span class='ocrx_word' id='word_1_17' title='bbox 780 319 808 361; x_wconf 88' lang='lat'><strong>1.</strong></span> <span class='ocrx_word' id='word_1_18' title='bbox 837 320 911 362; x_wconf 89' lang='lat'><strong>111.</strong></span> <span class='ocrx_word' id='word_1_19' title='bbox 943 335 977 363; x_wconf 92' lang='lat' dir='ltr'><strong>c.</strong></span> <span class='ocrx_word' id='word_1_20' title='bbox 1007 320 1047 361; x_wconf 87' lang='lat'><strong>6.</strong></span> <span class='ocrx_word' id='word_1_21' title='bbox 1076 320 1145 362; x_wconf 84' lang='lat'><strong>27.</strong></span> <span class='ocrx_word' id='word_1_22' title='bbox 1174 322 1294 364; x_wconf 89' lang='lat' dir='ltr'><strong>venti</strong></span> <span class='ocrx_word' id='word_1_23' title='bbox 1323 322 1562 363; x_wconf 82' lang='lat' dir='ltr'><strong>temeraria</strong></span> <span class='ocrx_word' id='word_1_24' title='bbox 1600 328 1706 364; x_wconf 84' lang='lat' dir='ltr'><strong>vota</strong></span> <span class='ocrx_word' id='word_1_25' title='bbox 1737 323 1886 365; x_wconf 83' lang='lat' dir='ltr'><strong>aeriae</strong></span> <span class='ocrx_word' id='word_1_26' title='bbox 1926 329 1970 365; x_wconf 86' lang='lat' dir='ltr'><strong>et</strong></span> <span class='ocrx_word' id='word_1_27' title='bbox 2006 323 2144 366; x_wconf 83' lang='lat' dir='ltr'><strong>nubes</strong></span> <span class='ocrx_word' id='word_1_28' title='bbox 2176 321 2283 367; x_wconf 70' lang='lat' dir='ltr'><strong>dira·-</strong></span> 
     </span>
     <span class='ocr_line' id='line_1_4' title="bbox 121 383 2281 443; baseline 0.002 -15"><span class='ocrx_word' id='word_1_29' title='bbox 121 383 285 442; x_wconf 81' lang='lat' dir='ltr'><strong>pienda</strong></span> <span class='ocrx_word' id='word_1_30' title='bbox 304 384 492 439; x_wconf 82' lang='lat' dir='ltr'><strong>ferant:</strong></span> <span class='ocrx_word' id='word_1_31' title='bbox 521 401 631 441; x_wconf 90' lang='lat' dir='ltr'><strong>quae</strong></span> <span class='ocrx_word' id='word_1_32' title='bbox 663 387 726 429; x_wconf 92' lang='lat' dir='ltr'><strong>his</strong></span> <span class='ocrx_word' id='word_1_33' title='bbox 743 401 833 429; x_wconf 89' lang='lat' dir='ltr'><strong>non</strong></span> <span class='ocrx_word' id='word_1_34' title='bbox 850 388 979 443; x_wconf 84' lang='lat' dir='ltr'><strong>magis</strong></span> <span class='ocrx_word' id='word_1_35' title='bbox 1004 388 1240 442; x_wconf 85' lang='lat' dir='ltr'><strong>comparari</strong></span> <span class='ocrx_word' id='word_1_36' title='bbox 1263 394 1468 443; x_wconf 79' lang='lat' dir='ltr'>possunt,</span> <span class='ocrx_word' id='word_1_37' title='bbox 1500 401 1624 442; x_wconf 91' lang='lat' dir='ltr'><strong>quam</strong></span> <span class='ocrx_word' id='word_1_38' title='bbox 1650 387 1721 430; x_wconf 88' lang='lat' dir='ltr'><strong>illa</strong></span> <span class='ocrx_word' id='word_1_39' title='bbox 1743 387 1892 431; x_wconf 89' lang='lat' dir='ltr'><strong>Ovidii</strong></span> <span class='ocrx_word' id='word_1_40' title='bbox 1911 389 2054 440; x_wconf 85' lang='lat' dir='ltr'><strong>(Fast.</strong></span> <span class='ocrx_word' id='word_1_41' title='bbox 2074 389 2126 432; x_wconf 87' lang='lat'><strong>11.</strong></span> <span class='ocrx_word' id='word_1_42' title='bbox 2144 389 2281 443; x_wconf 56' lang='lat'>5219:</span> 
     </span>
     <span class='ocr_line' id='line_1_5' title="bbox 111 452 2284 511; baseline 0.003 -15"><span class='ocrx_word' id='word_1_43' title='bbox 111 453 257 508; x_wconf 83' lang='lat' dir='ltr'><strong>farra</strong></span> <span class='ocrx_word' id='word_1_44' title='bbox 277 453 479 505; x_wconf 82' lang='lat' dir='ltr'><strong>flammis</strong></span> <span class='ocrx_word' id='word_1_45' title='bbox 509 452 727 496; x_wconf 81' lang='lat' dir='ltr'><strong>torrenda</strong></span> <span class='ocrx_word' id='word_1_46' title='bbox 758 452 951 497; x_wconf 84' lang='lat' dir='ltr'><strong>dedere.-</strong></span> <span class='ocrx_word' id='word_1_47' title='bbox 981 455 1025 495; x_wconf 91' lang='lat' dir='ltr'><strong>in</strong></span> <span class='ocrx_word' id='word_1_48' title='bbox 1058 468 1241 509; x_wconf 89' lang='lat' dir='ltr'><strong>quorum</strong></span> <span class='ocrx_word' id='word_1_49' title='bbox 1272 452 1466 495; x_wconf 88' lang='lat' dir='ltr'><strong>locorum</strong></span> <span class='ocrx_word' id='word_1_50' title='bbox 1500 461 1654 496; x_wconf 88' lang='lat' dir='ltr'><strong>neutro</strong></span> <span class='ocrx_word' id='word_1_51' title='bbox 1685 454 1916 511; x_wconf 82' lang='lat' dir='ltr'><strong>quidquam</strong></span> <span class='ocrx_word' id='word_1_52' title='bbox 1946 459 2049 499; x_wconf 87' lang='lat' dir='ltr'><strong>novi</strong></span> <span class='ocrx_word' id='word_1_53' title='bbox 2081 464 2156 500; x_wconf 89' lang='lat' dir='ltr'><strong>est.</strong></span> <span class='ocrx_word' id='word_1_54' title='bbox 2219 458 2284 502; x_wconf 76' lang='lat' dir='ltr'><strong>Ut</strong></span> 
     </span>
     <span class='ocr_line' id='line_1_6' title="bbox 123 518 2280 580; baseline 0.002 -18"><span class='ocrx_word' id='word_1_55' title='bbox 123 534 230 562; x_wconf 89' lang='lat' dir='ltr'><strong>vero</strong></span> <span class='ocrx_word' id='word_1_56' title='bbox 259 518 436 562; x_wconf 89' lang='lat' dir='ltr'><strong>dubium</strong></span> <span class='ocrx_word' id='word_1_57' title='bbox 467 534 555 562; x_wconf 92' lang='lat' dir='ltr'><strong>non</strong></span> <span class='ocrx_word' id='word_1_58' title='bbox 586 528 670 571; x_wconf 89' lang='lat' dir='ltr'><strong>est,</strong></span> <span class='ocrx_word' id='word_1_59' title='bbox 705 523 810 576; x_wconf 90' lang='lat' dir='ltr'><strong>quin</strong></span> <span class='ocrx_word' id='word_1_60' title='bbox 843 522 1053 564; x_wconf 80' lang='lat' dir='ltr'><em>tristitiae</em></span> <span class='ocrx_word' id='word_1_61' title='bbox 1081 522 1135 563; x_wconf 83' lang='lat' dir='ltr'><strong>sit</strong></span> <span class='ocrx_word' id='word_1_62' title='bbox 1164 521 1375 576; x_wconf 81' lang='lat' dir='ltr'><strong>genitivus</strong></span> <span class='ocrx_word' id='word_1_63' title='bbox 1405 520 1532 572; x_wconf 91' lang='lat' dir='ltr'><strong>(vide</strong></span> <span class='ocrx_word' id='word_1_64' title='bbox 1550 520 1752 564; x_wconf 86' lang='lat' dir='ltr'><strong>Ruddim.</strong></span> <span class='ocrx_word' id='word_1_65' title='bbox 1778 524 1954 565; x_wconf 78' lang='lat' dir='ltr'><strong>institut.</strong></span> <span class='ocrx_word' id='word_1_66' title='bbox 1978 531 2188 580; x_wconf 89' lang='lat' dir='ltr'><strong>grammat.</strong></span> <span class='ocrx_word' id='word_1_67' title='bbox 2210 524 2280 567; x_wconf 82' lang='lat' dir='ltr'><strong>lat..</strong></span> 
     </span>
     <span class='ocr_line' id='line_1_7' title="bbox 126 586 2353 648; baseline 0.002 -18"><span class='ocrx_word' id='word_1_68' title='bbox 126 588 248 630; x_wconf 79' lang='lat' dir='ltr'><strong>Tom.</strong></span> <span class='ocrx_word' id='word_1_69' title='bbox 269 588 319 630; x_wconf 93' lang='lat' dir='ltr'><strong>Il.</strong></span> <span class='ocrx_word' id='word_1_70' title='bbox 339 602 379 643; x_wconf 90' lang='lat' dir='ltr'><strong>p.</strong></span> <span class='ocrx_word' id='word_1_71' title='bbox 404 588 497 629; x_wconf 82' lang='lat'><strong>120.</strong></span> <span class='ocrx_word' id='word_1_72' title='bbox 522 588 615 630; x_wconf 82' lang='lat' dir='ltr'><strong>Axt.</strong></span> <span class='ocrx_word' id='word_1_73' title='bbox 634 588 689 630; x_wconf 90' lang='lat' dir='ltr'><strong>ad</strong></span> <span class='ocrx_word' id='word_1_74' title='bbox 705 590 878 631; x_wconf 86' lang='lat' dir='ltr'><strong>Vestrit.</strong></span> <span class='ocrx_word' id='word_1_75' title='bbox 897 588 1023 644; x_wconf 87' lang='lat' dir='ltr'><strong>Spur.</strong></span> <span class='ocrx_word' id='word_1_76' title='bbox 1043 604 1084 644; x_wconf 88' lang='lat' dir='ltr'><strong>p.</strong></span> <span class='ocrx_word' id='word_1_77' title='bbox 1103 588 1212 641; x_wconf 88' lang='lat'><strong>66.):</strong></span> <span class='ocrx_word' id='word_1_78' title='bbox 1244 590 1300 630; x_wconf 88' lang='lat' dir='ltr'><strong>ita</strong></span> <span class='ocrx_word' id='word_1_79' title='bbox 1328 589 1474 644; x_wconf 88' lang='lat' dir='ltr'><strong>negari</strong></span> <span class='ocrx_word' id='word_1_80' title='bbox 1500 590 1671 643; x_wconf 85' lang='lat' dir='ltr'><strong>nequit,</strong></span> <span class='ocrx_word' id='word_1_81' title='bbox 1701 603 1849 644; x_wconf 88' lang='lat' dir='ltr'><strong>parum</strong></span> <span class='ocrx_word' id='word_1_82' title='bbox 1882 597 1978 646; x_wconf 87' lang='lat' dir='ltr'><strong>apte</strong></span> <span class='ocrx_word' id='word_1_83' title='bbox 1997 589 2120 634; x_wconf 81' lang='lat' dir='ltr'><em>dedit</em></span> <span class='ocrx_word' id='word_1_84' title='bbox 2141 593 2285 648; x_wconf 58' lang='lat' dir='ltr'><strong>proxi÷÷</strong></span> <span class='ocrx_word' id='word_1_85' title='bbox 2300 586 2329 642; x_wconf 55' lang='grc' dir='ltr'><strong>,Τ</strong></span> <span class='ocrx_word' id='word_1_86' title='bbox 2348 603 2353 606; x_wconf 83' lang='grc'><strong>’</strong></span> 
     </span>
     <span class='ocr_line' id='line_1_8' title="bbox 122 647 2356 715; baseline 0.001 -17"><span class='ocrx_word' id='word_1_87' title='bbox 122 670 235 698; x_wconf 90' lang='lat' dir='ltr'><strong>mum</strong></span> <span class='ocrx_word' id='word_1_88' title='bbox 267 654 320 697; x_wconf 92' lang='lat' dir='ltr'><strong>ab</strong></span> <span class='ocrx_word' id='word_1_89' title='bbox 350 655 426 698; x_wconf 93' lang='lat' dir='ltr'><strong>illo</strong></span> <span class='ocrx_word' id='word_1_90' title='bbox 445 655 658 698; x_wconf 88' lang='lat' dir='ltr'><strong>vocabulo</strong></span> <span class='ocrx_word' id='word_1_91' title='bbox 688 655 828 698; x_wconf 90' lang='lat' dir='ltr'><strong>locum</strong></span> <span class='ocrx_word' id='word_1_92' title='bbox 847 662 1004 698; x_wconf 88' lang='lat' dir='ltr'><strong>tenere.</strong></span> <span class='ocrx_word' id='word_1_93' title='bbox 1034 655 1289 713; x_wconf 82' lang='lat' dir='ltr'><em>Agricolae</em></span> <span class='ocrx_word' id='word_1_94' title='bbox 1305 669 1406 697; x_wconf 91' lang='lat' dir='ltr'><strong>num</strong></span> <span class='ocrx_word' id='word_1_95' title='bbox 1437 656 1648 710; x_wconf 82' lang='lat' dir='ltr'><strong>genitivus</strong></span> <span class='ocrx_word' id='word_1_96' title='bbox 1673 657 1726 697; x_wconf 89' lang='lat' dir='ltr'><strong>sit</strong></span> <span class='ocrx_word' id='word_1_97' title='bbox 1750 669 1802 697; x_wconf 90' lang='lat' dir='ltr'><strong>an</strong></span> <span class='ocrx_word' id='word_1_98' title='bbox 1823 656 2008 707; x_wconf 85' lang='lat' dir='ltr'><strong>dativus,</strong></span> <span class='ocrx_word' id='word_1_99' title='bbox 2038 656 2280 715; x_wconf 79' lang='lat' dir='ltr'><strong>ambigitur:</strong></span> <span class='ocrx_word' id='word_1_100' title='bbox 2317 650 2326 659; x_wconf 73' lang='grc'>’</span> <span class='ocrx_word' id='word_1_101' title='bbox 2354 647 2356 649; x_wconf 39' lang='grc'><strong>’</strong></span> 
     </span>
     <span class='ocr_line' id='line_1_9' title="bbox 122 721 2280 779; baseline 0.001 -14"><span class='ocrx_word' id='word_1_102' title='bbox 122 723 307 765; x_wconf 86' lang='lat' dir='ltr'><strong>Bachius</strong></span> <span class='ocrx_word' id='word_1_103' title='bbox 337 722 523 765; x_wconf 90' lang='lat' dir='ltr'><strong>dativum</strong></span> <span class='ocrx_word' id='word_1_104' title='bbox 556 737 649 765; x_wconf 90' lang='lat' dir='ltr'><strong>esse</strong></span> <span class='ocrx_word' id='word_1_105' title='bbox 679 723 798 765; x_wconf 90' lang='lat' dir='ltr'><strong>vult:</strong></span> <span class='ocrx_word' id='word_1_106' title='bbox 831 725 873 765; x_wconf 91' lang='lat' dir='ltr'><strong>in</strong></span> <span class='ocrx_word' id='word_1_107' title='bbox 905 736 992 779; x_wconf 93' lang='lat' dir='ltr'><strong>quo</strong></span> <span class='ocrx_word' id='word_1_108' title='bbox 1025 737 1118 763; x_wconf 91' lang='lat' dir='ltr'><strong>cum</strong></span> <span class='ocrx_word' id='word_1_109' title='bbox 1152 722 1222 765; x_wconf 91' lang='lat' dir='ltr'><strong>alii</strong></span> <span class='ocrx_word' id='word_1_110' title='bbox 1252 721 1305 764; x_wconf 85' lang='lat' dir='ltr'><strong>ab</strong></span> <span class='ocrx_word' id='word_1_111' title='bbox 1337 736 1389 764; x_wconf 90' lang='lat' dir='ltr'><strong>eo</strong></span> <span class='ocrx_word' id='word_1_112' title='bbox 1421 722 1675 764; x_wconf 88' lang='lat' dir='ltr'><strong>dissentiunt</strong></span> <span class='ocrx_word' id='word_1_113' title='bbox 1713 730 1800 764; x_wconf 90' lang='lat' dir='ltr'><strong>tum</strong></span> <span class='ocrx_word' id='word_1_114' title='bbox 1834 723 2082 775; x_wconf 86' lang='lat' dir='ltr'><strong>Dissenius,</strong></span> <span class='ocrx_word' id='word_1_115' title='bbox 2121 727 2189 768; x_wconf 90' lang='lat' dir='ltr'><strong>cui</strong></span> <span class='ocrx_word' id='word_1_116' title='bbox 2217 727 2280 768; x_wconf 88' lang='lat' dir='ltr'><strong>in-</strong></span> 
     </span>
     <span class='ocr_line' id='line_1_10' title="bbox 123 788 2282 848; baseline 0.001 -15"><span class='ocrx_word' id='word_1_117' title='bbox 123 798 220 846; x_wconf 91' lang='lat' dir='ltr'><strong>epte</strong></span> <span class='ocrx_word' id='word_1_118' title='bbox 254 789 411 833; x_wconf 88' lang='lat' dir='ltr'><strong>dictum</strong></span> <span class='ocrx_word' id='word_1_119' title='bbox 435 789 624 841; x_wconf 85' lang='lat' dir='ltr'><strong>videtur,</strong></span> <span class='ocrx_word' id='word_1_120' title='bbox 655 789 785 833; x_wconf 85' lang='lat' dir='ltr'><strong>deum</strong></span> <span class='ocrx_word' id='word_1_121' title='bbox 807 797 988 847; x_wconf 77' lang='lat' dir='ltr'><strong>pectus,</strong></span> <span class='ocrx_word' id='word_1_122' title='bbox 1019 789 1143 847; x_wconf 83' lang='lat' dir='ltr'><strong>quod</strong></span> <span class='ocrx_word' id='word_1_123' title='bbox 1160 792 1218 833; x_wconf 84' lang='lat' dir='ltr'><strong>sit</strong></span> <span class='ocrx_word' id='word_1_124' title='bbox 1243 790 1495 848; x_wconf 81' lang='lat' dir='ltr'><strong>agricolae,</strong></span> <span class='ocrx_word' id='word_1_125' title='bbox 1527 788 1637 832; x_wconf 80' lang='lat' dir='ltr'><strong>dare</strong></span> <span class='ocrx_word' id='word_1_126' title='bbox 1667 791 1900 848; x_wconf 82' lang='lat' dir='ltr'><em>agricolae</em></span> <span class='ocrx_word' id='word_1_127' title='bbox 1927 790 2282 836; x_wconf 77' lang='lat' dir='ltr'><strong>exhilarandum.</strong></span> 
     </span>
     <span class='ocr_line' id='line_1_11' title="bbox 123 856 2282 914; baseline 0.002 -15"><span class='ocrx_word' id='word_1_128' title='bbox 123 860 199 908; x_wconf 77' lang='lat' dir='ltr'><strong>At,</strong></span> <span class='ocrx_word' id='word_1_129' title='bbox 238 859 272 899; x_wconf 94' lang='lat' dir='ltr'><strong>si</strong></span> <span class='ocrx_word' id='word_1_130' title='bbox 303 859 472 913; x_wconf 88' lang='lat' dir='ltr'><strong>quaeris</strong></span> <span class='ocrx_word' id='word_1_131' title='bbox 491 890 501 908; x_wconf 89' lang='lat'><strong>,</strong></span> <span class='ocrx_word' id='word_1_132' title='bbox 538 857 642 899; x_wconf 91' lang='lat' dir='ltr'><strong>haec</strong></span> <span class='ocrx_word' id='word_1_133' title='bbox 671 860 762 914; x_wconf 88' lang='lat' dir='ltr'><strong>ipsa</strong></span> <span class='ocrx_word' id='word_1_134' title='bbox 793 859 1089 914; x_wconf 84' lang='lat' dir='ltr'><strong>interpretatio</strong></span> <span class='ocrx_word' id='word_1_135' title='bbox 1123 856 1282 898; x_wconf 82' lang='lat' dir='ltr'><strong>insulsa</strong></span> <span class='ocrx_word' id='word_1_136' title='bbox 1315 864 1388 899; x_wconf 85' lang='lat' dir='ltr'><strong>est.</strong></span> <span class='ocrx_word' id='word_1_137' title='bbox 1449 856 1584 912; x_wconf 82' lang='lat' dir='ltr'><strong>Quod</strong></span> <span class='ocrx_word' id='word_1_138' title='bbox 1609 865 1748 900; x_wconf 90' lang='lat' dir='ltr'><strong>autem</strong></span> <span class='ocrx_word' id='word_1_139' title='bbox 1779 858 2002 900; x_wconf 91' lang='lat' dir='ltr'><strong>Dissenius</strong></span> <span class='ocrx_word' id='word_1_140' title='bbox 2030 859 2131 902; x_wconf 89' lang='lat' dir='ltr'><strong>dicit</strong></span> <span class='ocrx_word' id='word_1_141' title='bbox 2159 858 2282 903; x_wconf 81' lang='lat' dir='ltr'><strong>dedit</strong></span> 
     </span>
     <span class='ocr_line' id='line_1_12' title="bbox 122 923 2281 984; baseline 0.001 -17"><span class='ocrx_word' id='word_1_142' title='bbox 122 923 319 967; x_wconf 88' lang='lat' dir='ltr'><strong>absolute</strong></span> <span class='ocrx_word' id='word_1_143' title='bbox 348 927 532 981; x_wconf 92' lang='lat' dir='ltr'><strong>positum</strong></span> <span class='ocrx_word' id='word_1_144' title='bbox 563 924 708 967; x_wconf 89' lang='lat' dir='ltr'><strong>valere</strong></span> <span class='ocrx_word' id='word_1_145' title='bbox 747 942 766 958; x_wconf 71' lang='grc' dir='ltr'><strong>υ</strong></span> <span class='ocrx_word' id='word_1_146' title='bbox 778 939 824 967; x_wconf 91' lang='lat' dir='ltr'><strong>er</strong></span> <span class='ocrx_word' id='word_1_147' title='bbox 850 924 965 980; x_wconf 84' lang='lat' dir='ltr'><strong>gicht</strong></span> <span class='ocrx_word' id='word_1_148' title='bbox 992 924 1151 967; x_wconf 81' lang='lat' dir='ltr'><strong>dahin«</strong></span> <span class='ocrx_word' id='word_1_149' title='bbox 1177 942 1185 966; x_wconf 76' lang='grc' dir='ltr'><strong><em>ε</em></strong></span> <span class='ocrx_word' id='word_1_150' title='bbox 1215 939 1344 981; x_wconf 86' lang='lat' dir='ltr'><strong>posse</strong></span> <span class='ocrx_word' id='word_1_151' title='bbox 1380 927 1490 967; x_wconf 89' lang='lat' dir='ltr'><strong>enim</strong></span> <span class='ocrx_word' id='word_1_152' title='bbox 1523 933 1565 967; x_wconf 89' lang='lat' dir='ltr'><strong>et</strong></span> <span class='ocrx_word' id='word_1_153' title='bbox 1591 925 1869 968; x_wconf 83' lang='lat' dir='ltr'><strong>vinciendum</strong></span> <span class='ocrx_word' id='word_1_154' title='bbox 1899 926 2089 984; x_wconf 83' lang='lat' dir='ltr'><strong>aliquem</strong></span> <span class='ocrx_word' id='word_1_155' title='bbox 2121 934 2161 970; x_wconf 90' lang='lat' dir='ltr'><strong>et</strong></span> <span class='ocrx_word' id='word_1_156' title='bbox 2189 926 2281 970; x_wconf 80' lang='lat' dir='ltr'><strong>sol-</strong></span> 
     </span>
     <span class='ocr_line' id='line_1_13' title="bbox 123 990 2281 1049; baseline 0.001 -15"><span class='ocrx_word' id='word_1_157' title='bbox 123 991 314 1034; x_wconf 81' lang='lat' dir='ltr'><strong>vendum</strong></span> <span class='ocrx_word' id='word_1_158' title='bbox 335 990 446 1034; x_wconf 81' lang='lat' dir='ltr'><strong>dare</strong></span> <span class='ocrx_word' id='word_1_159' title='bbox 470 994 527 1034; x_wconf 90' lang='lat' dir='ltr'><strong>ita</strong></span> <span class='ocrx_word' id='word_1_160' title='bbox 559 991 660 1042; x_wconf 88' lang='lat' dir='ltr'><strong>dici,</strong></span> <span class='ocrx_word' id='word_1_161' title='bbox 691 999 738 1033; x_wconf 91' lang='lat' dir='ltr'><strong>ut</strong></span> <span class='ocrx_word' id='word_1_162' title='bbox 769 993 864 1048; x_wconf 87' lang='lat' dir='ltr'><strong>quis</strong></span> <span class='ocrx_word' id='word_1_163' title='bbox 894 991 965 1033; x_wconf 82' lang='lat' dir='ltr'><strong>vel</strong></span> <span class='ocrx_word' id='word_1_164' title='bbox 995 990 1102 1049; x_wconf 80' lang='lat' dir='ltr'><strong>quid</strong></span> <span class='ocrx_word' id='word_1_165' title='bbox 1127 993 1283 1034; x_wconf 91' lang='lat' dir='ltr'><strong>vinciat</strong></span> <span class='ocrx_word' id='word_1_166' title='bbox 1312 991 1384 1033; x_wconf 88' lang='lat' dir='ltr'><strong>vel</strong></span> <span class='ocrx_word' id='word_1_167' title='bbox 1414 992 1572 1044; x_wconf 87' lang='lat' dir='ltr'><strong>solvat,</strong></span> <span class='ocrx_word' id='word_1_168' title='bbox 1604 1007 1693 1035; x_wconf 90' lang='lat' dir='ltr'><strong>non</strong></span> <span class='ocrx_word' id='word_1_169' title='bbox 1715 992 1956 1043; x_wconf 84' lang='lat' dir='ltr'><strong>adiiciatur,</strong></span> <span class='ocrx_word' id='word_1_170' title='bbox 1986 996 2030 1035; x_wconf 92' lang='lat' dir='ltr'><strong>in</strong></span> <span class='ocrx_word' id='word_1_171' title='bbox 2062 1008 2116 1036; x_wconf 91' lang='lat' dir='ltr'><strong>eo</strong></span> <span class='ocrx_word' id='word_1_172' title='bbox 2144 996 2281 1038; x_wconf 86' lang='lat' dir='ltr'><strong>virum</strong></span> 
     </span>
     <span class='ocr_line' id='line_1_14' title="bbox 125 1058 2280 1118; baseline 0.002 -17"><span class='ocrx_word' id='word_1_173' title='bbox 125 1059 297 1102; x_wconf 85' lang='lat' dir='ltr'><strong>doctum</strong></span> <span class='ocrx_word' id='word_1_174' title='bbox 335 1066 440 1115; x_wconf 90' lang='lat' dir='ltr'><strong>puto</strong></span> <span class='ocrx_word' id='word_1_175' title='bbox 472 1061 636 1115; x_wconf 80' lang='lat' dir='ltr'><strong>egregie</strong></span> <span class='ocrx_word' id='word_1_176' title='bbox 674 1058 775 1100; x_wconf 87' lang='lat' dir='ltr'><strong>falli.</strong></span> <span class='ocrx_word' id='word_1_177' title='bbox 837 1059 923 1114; x_wconf 82' lang='lat' dir='ltr'><strong>Qui</strong></span> <span class='ocrx_word' id='word_1_178' title='bbox 955 1058 1154 1110; x_wconf 85' lang='lat' dir='ltr'><strong>tandem,</strong></span> <span class='ocrx_word' id='word_1_179' title='bbox 1195 1073 1357 1114; x_wconf 86' lang='lat' dir='ltr'><strong>quaeso</strong></span> <span class='ocrx_word' id='word_1_180' title='bbox 1380 1092 1389 1109; x_wconf 93' lang='lat'><strong>,</strong></span> <span class='ocrx_word' id='word_1_181' title='bbox 1423 1061 1584 1115; x_wconf 85' lang='lat' dir='ltr'><strong>integra</strong></span> <span class='ocrx_word' id='word_1_182' title='bbox 1616 1062 1826 1102; x_wconf 88' lang='lat' dir='ltr'><strong>sententia</strong></span> <span class='ocrx_word' id='word_1_183' title='bbox 1860 1063 2024 1116; x_wconf 90' lang='lat' dir='ltr'><strong>possint</strong></span> <span class='ocrx_word' id='word_1_184' title='bbox 2054 1061 2159 1103; x_wconf 83' lang='lat' dir='ltr'><strong>haec</strong></span> <span class='ocrx_word' id='word_1_185' title='bbox 2188 1063 2280 1118; x_wconf 83' lang='lat' dir='ltr'><strong>ipsa</strong></span> 
     </span>
     <span class='ocr_line' id='line_1_15' title="bbox 126 1125 2283 1183; baseline 0 -13"><span class='ocrx_word' id='word_1_186' title='bbox 126 1129 282 1176; x_wconf 85' lang='lat' dir='ltr'><strong>omitti,</strong></span> <span class='ocrx_word' id='word_1_187' title='bbox 315 1128 396 1169; x_wconf 89' lang='lat' dir='ltr'><strong>nisi</strong></span> <span class='ocrx_word' id='word_1_188' title='bbox 428 1126 538 1169; x_wconf 86' lang='lat' dir='ltr'><strong>forte</strong></span> <span class='ocrx_word' id='word_1_189' title='bbox 569 1141 618 1168; x_wconf 84' lang='lat' dir='ltr'><strong>ex</strong></span> <span class='ocrx_word' id='word_1_190' title='bbox 645 1128 717 1177; x_wconf 88' lang='lat' dir='ltr'><strong>iis,</strong></span> <span class='ocrx_word' id='word_1_191' title='bbox 749 1140 858 1182; x_wconf 87' lang='lat' dir='ltr'><strong>quae</strong></span> <span class='ocrx_word' id='word_1_192' title='bbox 890 1125 1033 1168; x_wconf 87' lang='lat' dir='ltr'><strong>addita</strong></span> <span class='ocrx_word' id='word_1_193' title='bbox 1065 1133 1180 1176; x_wconf 90' lang='lat' dir='ltr'><strong>sunt,</strong></span> <span class='ocrx_word' id='word_1_194' title='bbox 1218 1125 1538 1181; x_wconf 79' lang='lat' dir='ltr'><strong>intelliguntur?</strong></span> <span class='ocrx_word' id='word_1_195' title='bbox 1595 1128 1727 1183; x_wconf 78' lang='lat' dir='ltr'><strong>Atqui</strong></span> <span class='ocrx_word' id='word_1_196' title='bbox 1756 1128 1837 1169; x_wconf 91' lang='lat' dir='ltr'><strong>hoc</strong></span> <span class='ocrx_word' id='word_1_197' title='bbox 1867 1127 1965 1170; x_wconf 92' lang='lat' dir='ltr'><strong>loco</strong></span> <span class='ocrx_word' id='word_1_198' title='bbox 1996 1128 2189 1171; x_wconf 88' lang='lat' dir='ltr'><strong>Bacchus</strong></span> <span class='ocrx_word' id='word_1_199' title='bbox 2219 1135 2283 1172; x_wconf 87' lang='lat' dir='ltr'><strong>est</strong></span> 
     </span>
     <span class='ocr_line' id='line_1_16' title="bbox 120 1193 2279 1250; baseline 0.001 -14"><span class='ocrx_word' id='word_1_200' title='bbox 120 1196 288 1237; x_wconf 85' lang='lat' dir='ltr'><strong>vinum:</strong></span> <span class='ocrx_word' id='word_1_201' title='bbox 321 1209 423 1250; x_wconf 90' lang='lat' dir='ltr'><strong>ergo</strong></span> <span class='ocrx_word' id='word_1_202' title='bbox 455 1196 602 1236; x_wconf 86' lang='lat' dir='ltr'><strong>vinum</strong></span> <span class='ocrx_word' id='word_1_203' title='bbox 624 1201 801 1250; x_wconf 85' lang='lat' dir='ltr'><strong>pectora</strong></span> <span class='ocrx_word' id='word_1_204' title='bbox 827 1193 1040 1249; x_wconf 81' lang='lat' dir='ltr'><strong>agricolae</strong></span> <span class='ocrx_word' id='word_1_205' title='bbox 1061 1207 1213 1249; x_wconf 88' lang='lat' dir='ltr'><strong>magno</strong></span> <span class='ocrx_word' id='word_1_206' title='bbox 1238 1193 1390 1235; x_wconf 90' lang='lat' dir='ltr'><strong>labore</strong></span> <span class='ocrx_word' id='word_1_207' title='bbox 1417 1194 1609 1236; x_wconf 87' lang='lat' dir='ltr'><strong>confecta</strong></span> <span class='ocrx_word' id='word_1_208' title='bbox 1637 1194 1756 1237; x_wconf 83' lang='lat' dir='ltr'><strong>dedit</strong></span> <span class='ocrx_word' id='word_1_209' title='bbox 1775 1195 2045 1237; x_wconf 86' lang='lat' dir='ltr'><strong>dissolvenda</strong></span> <span class='ocrx_word' id='word_1_210' title='bbox 2069 1197 2279 1238; x_wconf 84' lang='lat' dir='ltr'><strong>tristitiae:</strong></span> 
     </span>
     <span class='ocr_line' id='line_1_17' title="bbox 123 1260 2281 1318; baseline 0.001 -14"><span class='ocrx_word' id='word_1_211' title='bbox 123 1261 227 1318; x_wconf 89' lang='lat' dir='ltr'><strong>quid</strong></span> <span class='ocrx_word' id='word_1_212' title='bbox 256 1264 389 1304; x_wconf 82' lang='lat' dir='ltr'><strong>istuc?</strong></span> <span class='ocrx_word' id='word_1_213' title='bbox 427 1261 539 1303; x_wconf 87' lang='lat' dir='ltr'><strong>»der</strong></span> <span class='ocrx_word' id='word_1_214' title='bbox 557 1262 695 1304; x_wconf 88' lang='lat' dir='ltr'><strong>Wein</strong></span> <span class='ocrx_word' id='word_1_215' title='bbox 726 1261 843 1317; x_wconf 85' lang='lat' dir='ltr'><strong>gicht</strong></span> <span class='ocrx_word' id='word_1_216' title='bbox 874 1261 949 1303; x_wconf 89' lang='lat' dir='ltr'><strong>das</strong></span> <span class='ocrx_word' id='word_1_217' title='bbox 980 1261 1230 1317; x_wconf 80' lang='lat' dir='ltr'><strong>abgemiihte</strong></span> <span class='ocrx_word' id='word_1_218' title='bbox 1262 1261 1375 1302; x_wconf 87' lang='lat' dir='ltr'><strong>Herz</strong></span> <span class='ocrx_word' id='word_1_219' title='bbox 1407 1260 1483 1303; x_wconf 90' lang='lat' dir='ltr'><strong>des</strong></span> <span class='ocrx_word' id='word_1_220' title='bbox 1505 1262 1776 1304; x_wconf 89' lang='lat' dir='ltr'><strong>Landmanus</strong></span> <span class='ocrx_word' id='word_1_221' title='bbox 1810 1261 1956 1312; x_wconf 88' lang='lat' dir='ltr'><strong>dahin,</strong></span> <span class='ocrx_word' id='word_1_222' title='bbox 1988 1277 2056 1304; x_wconf 90' lang='lat' dir='ltr'><strong>um</strong></span> <span class='ocrx_word' id='word_1_223' title='bbox 2087 1277 2174 1305; x_wconf 82' lang='lat' dir='ltr'><strong>von</strong></span> <span class='ocrx_word' id='word_1_224' title='bbox 2202 1262 2281 1308; x_wconf 82' lang='lat' dir='ltr'><strong>der</strong></span> 
     </span>
     <span class='ocr_line' id='line_1_18' title="bbox 123 1327 2279 1385; baseline 0 -14"><span class='ocrx_word' id='word_1_225' title='bbox 123 1329 399 1385; x_wconf 84' lang='lat' dir='ltr'><strong>Traurigkeit</strong></span> <span class='ocrx_word' id='word_1_226' title='bbox 422 1329 561 1385; x_wconf 73' lang='lat' dir='ltr'><strong>gelost</strong></span> <span class='ocrx_word' id='word_1_227' title='bbox 588 1344 642 1370; x_wconf 91' lang='lat' dir='ltr'><strong>zu</strong></span> <span class='ocrx_word' id='word_1_228' title='bbox 665 1329 897 1370; x_wconf 75' lang='lat' dir='ltr'><strong>werdenu:</strong></span> <span class='ocrx_word' id='word_1_229' title='bbox 928 1328 1033 1370; x_wconf 88' lang='lat' dir='ltr'><strong>haec</strong></span> <span class='ocrx_word' id='word_1_230' title='bbox 1062 1342 1149 1370; x_wconf 90' lang='lat' dir='ltr'><strong>non</strong></span> <span class='ocrx_word' id='word_1_231' title='bbox 1183 1327 1389 1383; x_wconf 83' lang='lat' dir='ltr'><strong>intelligo.</strong></span> <span class='ocrx_word' id='word_1_232' title='bbox 1434 1328 1645 1383; x_wconf 87' lang='lat' dir='ltr'><strong>Equidem</strong></span> <span class='ocrx_word' id='word_1_233' title='bbox 1676 1331 1918 1370; x_wconf 87' lang='lat' dir='ltr'><strong>necessario</strong></span> <span class='ocrx_word' id='word_1_234' title='bbox 1949 1329 2279 1373; x_wconf 88' lang='lat' dir='ltr'><strong>construendum</strong></span> 
     </span>
     <span class='ocr_line' id='line_1_19' title="bbox 121 1394 2281 1454; baseline 0 -15"><span class='ocrx_word' id='word_1_235' title='bbox 121 1404 228 1454; x_wconf 86' lang='lat' dir='ltr'><strong>puto</strong></span> <span class='ocrx_word' id='word_1_236' title='bbox 258 1397 342 1440; x_wconf 86' lang='lat' dir='ltr'><strong>hoc</strong></span> <span class='ocrx_word' id='word_1_237' title='bbox 361 1396 511 1439; x_wconf 91' lang='lat' dir='ltr'><strong>modo:</strong></span> <span class='ocrx_word' id='word_1_238' title='bbox 542 1398 686 1438; x_wconf 90' lang='lat' dir='ltr'><strong>vinum</strong></span> <span class='ocrx_word' id='word_1_239' title='bbox 718 1396 838 1438; x_wconf 89' lang='lat' dir='ltr'><strong>dedit</strong></span> <span class='ocrx_word' id='word_1_240' title='bbox 869 1396 1080 1451; x_wconf 78' lang='lat' dir='ltr'><strong>agricolae</strong></span> <span class='ocrx_word' id='word_1_241' title='bbox 1103 1419 1156 1427; x_wconf 94' lang='lat'><strong>—</strong></span> <span class='ocrx_word' id='word_1_242' title='bbox 1182 1402 1243 1437; x_wconf 90' lang='lat' dir='ltr'><strong>est</strong></span> <span class='ocrx_word' id='word_1_243' title='bbox 1265 1402 1405 1437; x_wconf 89' lang='lat' dir='ltr'><strong>autem</strong></span> <span class='ocrx_word' id='word_1_244' title='bbox 1429 1394 1595 1438; x_wconf 87' lang='lat' dir='ltr'><strong>dativus</strong></span> <span class='ocrx_word' id='word_1_245' title='bbox 1617 1419 1670 1429; x_wconf 90' lang='lat'>—</span> <span class='ocrx_word' id='word_1_246' title='bbox 1691 1410 1739 1437; x_wconf 88' lang='lat' dir='ltr'><strong>ea</strong></span> <span class='ocrx_word' id='word_1_247' title='bbox 1768 1403 1965 1452; x_wconf 87' lang='lat' dir='ltr'><strong>pectora,</strong></span> <span class='ocrx_word' id='word_1_248' title='bbox 1996 1410 2106 1451; x_wconf 87' lang='lat' dir='ltr'><strong>quae</strong></span> <span class='ocrx_word' id='word_1_249' title='bbox 2136 1411 2281 1452; x_wconf 90' lang='lat' dir='ltr'><strong>quam-</strong></span> 
     </span>
     <span class='ocr_line' id='line_1_20' title="bbox 120 1462 2280 1519; baseline -0 -13"><span class='ocrx_word' id='word_1_250' title='bbox 120 1466 186 1506; x_wconf 87' lang='lat' dir='ltr'><strong>vis</strong></span> <span class='ocrx_word' id='word_1_251' title='bbox 217 1465 411 1507; x_wconf 86' lang='lat' dir='ltr'><strong>confecta</strong></span> <span class='ocrx_word' id='word_1_252' title='bbox 440 1466 524 1506; x_wconf 89' lang='lat' dir='ltr'><strong>sint</strong></span> <span class='ocrx_word' id='word_1_253' title='bbox 544 1478 695 1519; x_wconf 85' lang='lat' dir='ltr'><strong>magno</strong></span> <span class='ocrx_word' id='word_1_254' title='bbox 726 1463 896 1515; x_wconf 89' lang='lat' dir='ltr'><strong>labore,</strong></span> <span class='ocrx_word' id='word_1_255' title='bbox 929 1478 951 1504; x_wconf 91' lang='lat' dir='ltr'><strong>a</strong></span> <span class='ocrx_word' id='word_1_256' title='bbox 984 1464 1149 1504; x_wconf 86' lang='lat' dir='ltr'><strong>tristitia</strong></span> <span class='ocrx_word' id='word_1_257' title='bbox 1181 1462 1486 1504; x_wconf 89' lang='lat' dir='ltr'><strong>dissolvantur:</strong></span> <span class='ocrx_word' id='word_1_258' title='bbox 1520 1463 1629 1505; x_wconf 83' lang='lat' dir='ltr'><strong>»der</strong></span> <span class='ocrx_word' id='word_1_259' title='bbox 1650 1463 1791 1504; x_wconf 89' lang='lat' dir='ltr'><strong>Wein</strong></span> <span class='ocrx_word' id='word_1_260' title='bbox 1813 1462 2000 1518; x_wconf 63' lang='lat' dir='ltr'><strong>gewithrt</strong></span> <span class='ocrx_word' id='word_1_261' title='bbox 2021 1462 2116 1505; x_wconf 91' lang='lat' dir='ltr'><strong>dem</strong></span> <span class='ocrx_word' id='word_1_262' title='bbox 2138 1462 2280 1506; x_wconf 87' lang='lat' dir='ltr'><strong>Land-</strong></span> 
     </span>
     <span class='ocr_line' id='line_1_21' title="bbox 120 1528 2279 1579; baseline -0.001 -5"><span class='ocrx_word' id='word_1_263' title='bbox 120 1546 248 1574; x_wconf 85' lang='lat' dir='ltr'><strong>mann</strong></span> <span class='ocrx_word' id='word_1_264' title='bbox 284 1532 352 1573; x_wconf 88' lang='lat' dir='ltr'><strong>ein</strong></span> <span class='ocrx_word' id='word_1_265' title='bbox 383 1545 481 1573; x_wconf 91' lang='lat' dir='ltr'><strong>vom</strong></span> <span class='ocrx_word' id='word_1_266' title='bbox 513 1531 715 1573; x_wconf 79' lang='lat' dir='ltr'><strong>diisteren</strong></span> <span class='ocrx_word' id='word_1_267' title='bbox 748 1530 906 1572; x_wconf 86' lang='lat' dir='ltr'><strong>Ernste</strong></span> <span class='ocrx_word' id='word_1_268' title='bbox 935 1544 989 1571; x_wconf 89' lang='lat' dir='ltr'><strong>zu</strong></span> <span class='ocrx_word' id='word_1_269' title='bbox 1019 1528 1219 1571; x_wconf 73' lang='lat' dir='ltr'><strong>losendes</strong></span> <span class='ocrx_word' id='word_1_270' title='bbox 1251 1530 1384 1579; x_wconf 88' lang='lat' dir='ltr'><strong>Herz,</strong></span> <span class='ocrx_word' id='word_1_271' title='bbox 1415 1531 1497 1571; x_wconf 86' lang='lat' dir='ltr'><strong>wie</strong></span> <span class='ocrx_word' id='word_1_272' title='bbox 1528 1528 1727 1572; x_wconf 87' lang='lat' dir='ltr'><strong>dasselbe</strong></span> <span class='ocrx_word' id='word_1_273' title='bbox 1759 1530 1866 1570; x_wconf 87' lang='lat' dir='ltr'><strong>auch</strong></span> <span class='ocrx_word' id='word_1_274' title='bbox 1896 1543 1981 1571; x_wconf 89' lang='lat' dir='ltr'><strong>von</strong></span> <span class='ocrx_word' id='word_1_275' title='bbox 2011 1529 2184 1571; x_wconf 82' lang='lat' dir='ltr'><strong>Miihsal</strong></span> <span class='ocrx_word' id='word_1_276' title='bbox 2215 1544 2279 1572; x_wconf 82' lang='lat' dir='ltr'><strong>er·</strong></span> 
     </span>
     <span class='ocr_line' id='line_1_22' title="bbox 124 1596 2278 1655; baseline -0.002 -13"><span class='ocrx_word' id='word_1_277' title='bbox 124 1599 293 1655; x_wconf 72' lang='lat' dir='ltr'><strong>schoplt</strong></span> <span class='ocrx_word' id='word_1_278' title='bbox 323 1601 432 1641; x_wconf 83' lang='lat' dir='ltr'><strong>sei«.</strong></span> <span class='ocrx_word' id='word_1_279' title='bbox 486 1599 555 1640; x_wconf 90' lang='lat' dir='ltr'><strong>De</strong></span> <span class='ocrx_word' id='word_1_280' title='bbox 586 1600 626 1639; x_wconf 92' lang='lat' dir='ltr'><strong>vi</strong></span> <span class='ocrx_word' id='word_1_281' title='bbox 656 1599 866 1653; x_wconf 88' lang='lat' dir='ltr'><strong>participii</strong></span> <span class='ocrx_word' id='word_1_282' title='bbox 897 1596 1181 1639; x_wconf 79' lang='lat' dir='ltr'><strong>dissolvenda</strong></span> <span class='ocrx_word' id='word_1_283' title='bbox 1212 1596 1310 1638; x_wconf 90' lang='lat' dir='ltr'><strong>vide</strong></span> <span class='ocrx_word' id='word_1_284' title='bbox 1339 1597 1465 1637; x_wconf 90' lang='lat' dir='ltr'><strong>Haas.</strong></span> <span class='ocrx_word' id='word_1_285' title='bbox 1497 1596 1548 1638; x_wconf 87' lang='lat' dir='ltr'><strong>ad</strong></span> <span class='ocrx_word' id='word_1_286' title='bbox 1579 1597 1734 1651; x_wconf 86' lang='lat' dir='ltr'><strong>Reisig.</strong></span> <span class='ocrx_word' id='word_1_287' title='bbox 1765 1597 1890 1637; x_wconf 89' lang='lat' dir='ltr'><strong>instit.</strong></span> <span class='ocrx_word' id='word_1_288' title='bbox 1922 1611 2088 1651; x_wconf 87' lang='lat' dir='ltr'><strong>gramm.</strong></span> <span class='ocrx_word' id='word_1_289' title='bbox 2119 1611 2159 1652; x_wconf 92' lang='lat' dir='ltr'><strong>p.</strong></span> <span class='ocrx_word' id='word_1_290' title='bbox 2183 1597 2278 1642; x_wconf 74' lang='lat'><strong>746.</strong></span> 
     </span>
     <span class='ocr_line' id='line_1_23' title="bbox 122 1662 2280 1720; baseline -0.002 -11"><span class='ocrx_word' id='word_1_291' title='bbox 122 1674 264 1709; x_wconf 89' lang='lat' dir='ltr'><strong>annot.</strong></span> <span class='ocrx_word' id='word_1_292' title='bbox 288 1666 384 1708; x_wconf 80' lang='lat'><strong>580.</strong></span> <span class='ocrx_word' id='word_1_293' title='bbox 430 1666 532 1708; x_wconf 89' lang='lat' dir='ltr'><strong>Mea</strong></span> <span class='ocrx_word' id='word_1_294' title='bbox 555 1666 762 1706; x_wconf 90' lang='lat' dir='ltr'><strong>sententia</strong></span> <span class='ocrx_word' id='word_1_295' title='bbox 793 1667 835 1706; x_wconf 91' lang='lat' dir='ltr'><strong>in</strong></span> <span class='ocrx_word' id='word_1_296' title='bbox 865 1664 949 1706; x_wconf 91' lang='lat' dir='ltr'><strong>hoc</strong></span> <span class='ocrx_word' id='word_1_297' title='bbox 969 1666 1193 1720; x_wconf 86' lang='lat' dir='ltr'><strong>participio</strong></span> <span class='ocrx_word' id='word_1_298' title='bbox 1218 1663 1381 1719; x_wconf 90' lang='lat' dir='ltr'><strong>ubique</strong></span> <span class='ocrx_word' id='word_1_299' title='bbox 1411 1665 1522 1705; x_wconf 89' lang='lat' dir='ltr'><strong>inest</strong></span> <span class='ocrx_word' id='word_1_300' title='bbox 1554 1665 1616 1704; x_wconf 87' lang='lat' dir='ltr'><strong>vis</strong></span> <span class='ocrx_word' id='word_1_301' title='bbox 1650 1662 1856 1718; x_wconf 87' lang='lat' dir='ltr'><strong>quaedam</strong></span> <span class='ocrx_word' id='word_1_302' title='bbox 1885 1665 2165 1714; x_wconf 85' lang='lat' dir='ltr'><strong>necessitatis,</strong></span> <span class='ocrx_word' id='word_1_303' title='bbox 2195 1677 2280 1719; x_wconf 91' lang='lat' dir='ltr'><strong>qua</strong></span> 
     </span>
     <span class='ocr_line' id='line_1_24' title="bbox 122 1729 2280 1791; baseline -0.002 -15"><span class='ocrx_word' id='word_1_304' title='bbox 122 1733 226 1791; x_wconf 89' lang='lat' dir='ltr'><strong>quid</strong></span> <span class='ocrx_word' id='word_1_305' title='bbox 257 1748 309 1776; x_wconf 91' lang='lat' dir='ltr'><strong>eo</strong></span> <span class='ocrx_word' id='word_1_306' title='bbox 342 1734 523 1789; x_wconf 86' lang='lat' dir='ltr'><strong>adigitur</strong></span> <span class='ocrx_word' id='word_1_307' title='bbox 542 1767 551 1783; x_wconf 87' lang='lat'><strong>,</strong></span> <span class='ocrx_word' id='word_1_308' title='bbox 582 1740 628 1774; x_wconf 90' lang='lat' dir='ltr'><strong>ut</strong></span> <span class='ocrx_word' id='word_1_309' title='bbox 660 1731 702 1774; x_wconf 91' lang='lat' dir='ltr'><strong>id</strong></span> <span class='ocrx_word' id='word_1_310' title='bbox 723 1765 733 1783; x_wconf 87' lang='lat'>‚</span> <span class='ocrx_word' id='word_1_311' title='bbox 765 1731 883 1787; x_wconf 92' lang='lat' dir='ltr'><strong>quod</strong></span> <span class='ocrx_word' id='word_1_312' title='bbox 914 1731 1051 1773; x_wconf 90' lang='lat' dir='ltr'><strong>verbo</strong></span> <span class='ocrx_word' id='word_1_313' title='bbox 1083 1730 1371 1786; x_wconf 85' lang='lat' dir='ltr'><strong>significatur,</strong></span> <span class='ocrx_word' id='word_1_314' title='bbox 1403 1738 1586 1772; x_wconf 90' lang='lat' dir='ltr'><strong>assumat</strong></span> <span class='ocrx_word' id='word_1_315' title='bbox 1611 1730 1678 1771; x_wconf 91' lang='lat' dir='ltr'><strong>vel</strong></span> <span class='ocrx_word' id='word_1_316' title='bbox 1709 1729 1855 1772; x_wconf 89' lang='lat' dir='ltr'><strong>induat</strong></span> <span class='ocrx_word' id='word_1_317' title='bbox 1888 1730 2010 1782; x_wconf 90' lang='lat' dir='ltr'><strong>(dass</strong></span> <span class='ocrx_word' id='word_1_318' title='bbox 2042 1745 2087 1772; x_wconf 88' lang='lat' dir='ltr'><strong>es</strong></span> <span class='ocrx_word' id='word_1_319' title='bbox 2120 1731 2164 1772; x_wconf 89' lang='lat' dir='ltr'><strong>in</strong></span> <span class='ocrx_word' id='word_1_320' title='bbox 2193 1729 2280 1772; x_wconf 89' lang='lat' dir='ltr'><strong>den</strong></span> 
     </span>
     <span class='ocr_line' id='line_1_25' title="bbox 124 1796 2279 1852; baseline -0.002 -9"><span class='ocrx_word' id='word_1_321' title='bbox 124 1801 314 1843; x_wconf 87' lang='lat' dir='ltr'><strong>Zustand</strong></span> <span class='ocrx_word' id='word_1_322' title='bbox 346 1800 529 1851; x_wconf 84' lang='lat' dir='ltr'><strong>kommt,</strong></span> <span class='ocrx_word' id='word_1_323' title='bbox 562 1800 637 1841; x_wconf 87' lang='lat' dir='ltr'><strong>das</strong></span> <span class='ocrx_word' id='word_1_324' title='bbox 665 1814 764 1841; x_wconf 86' lang='lat' dir='ltr'><strong>vom</strong></span> <span class='ocrx_word' id='word_1_325' title='bbox 793 1798 985 1841; x_wconf 88' lang='lat' dir='ltr'><strong>Verbum</strong></span> <span class='ocrx_word' id='word_1_326' title='bbox 1018 1798 1302 1840; x_wconf 86' lang='lat' dir='ltr'><strong>Bezeichnete</strong></span> <span class='ocrx_word' id='word_1_327' title='bbox 1337 1797 1398 1839; x_wconf 89' lang='lat' dir='ltr'><strong>als</strong></span> <span class='ocrx_word' id='word_1_328' title='bbox 1428 1800 1546 1839; x_wconf 82' lang='lat' dir='ltr'><strong>seine</strong></span> <span class='ocrx_word' id='word_1_329' title='bbox 1575 1796 1765 1852; x_wconf 72' lang='lat' dir='ltr'><strong>Qualitat</strong></span> <span class='ocrx_word' id='word_1_330' title='bbox 1796 1797 2127 1849; x_wconf 87' lang='lat' dir='ltr'><strong>anzunehmeu).</strong></span> <span class='ocrx_word' id='word_1_331' title='bbox 2182 1797 2279 1839; x_wconf 90' lang='lat' dir='ltr'><strong>Hoc</strong></span> 
     </span>
     <span class='ocr_line' id='line_1_26' title="bbox 122 1864 2277 1925; baseline -0.002 -15"><span class='ocrx_word' id='word_1_332' title='bbox 122 1883 298 1925; x_wconf 85' lang='lat' dir='ltr'><strong>quoque</strong></span> <span class='ocrx_word' id='word_1_333' title='bbox 329 1868 429 1910; x_wconf 83' lang='lat' dir='ltr'><strong>loco</strong></span> <span class='ocrx_word' id='word_1_334' title='bbox 460 1869 602 1909; x_wconf 84' lang='lat' dir='ltr'><strong>vinum</strong></span> <span class='ocrx_word' id='word_1_335' title='bbox 634 1881 720 1908; x_wconf 87' lang='lat' dir='ltr'><strong>non</strong></span> <span class='ocrx_word' id='word_1_336' title='bbox 752 1874 835 1908; x_wconf 90' lang='lat' dir='ltr'><strong>tam</strong></span> <span class='ocrx_word' id='word_1_337' title='bbox 866 1873 1117 1921; x_wconf 87' lang='lat' dir='ltr'><strong>potestatem</strong></span> <span class='ocrx_word' id='word_1_338' title='bbox 1149 1865 1273 1914; x_wconf 83' lang='lat' dir='ltr'><strong>facit,</strong></span> <span class='ocrx_word' id='word_1_339' title='bbox 1313 1879 1439 1920; x_wconf 89' lang='lat' dir='ltr'><strong>quam</strong></span> <span class='ocrx_word' id='word_1_340' title='bbox 1471 1864 1595 1906; x_wconf 84' lang='lat' dir='ltr'><strong>affert</strong></span> <span class='ocrx_word' id='word_1_341' title='bbox 1625 1867 1920 1906; x_wconf 87' lang='lat' dir='ltr'><strong>necessitatem</strong></span> <span class='ocrx_word' id='word_1_342' title='bbox 1952 1865 2135 1919; x_wconf 86' lang='lat' dir='ltr'><strong>pectoris</strong></span> <span class='ocrx_word' id='word_1_343' title='bbox 2165 1866 2277 1906; x_wconf 89' lang='lat' dir='ltr'><strong>curis</strong></span> 
     </span>
     <span class='ocr_line' id='line_1_27' title="bbox 120 1930 2276 1987; baseline -0.002 -9"><span class='ocrx_word' id='word_1_344' title='bbox 120 1936 328 1978; x_wconf 89' lang='lat' dir='ltr'><strong>solvendi.</strong></span> <span class='ocrx_word' id='word_1_345' title='bbox 375 1934 507 1977; x_wconf 90' lang='lat' dir='ltr'><strong>Unde</strong></span> <span class='ocrx_word' id='word_1_346' title='bbox 542 1934 689 1976; x_wconf 80' lang='lat' dir='ltr'><strong>festive</strong></span> <span class='ocrx_word' id='word_1_347' title='bbox 711 1934 917 1975; x_wconf 85' lang='lat' dir='ltr'><strong>Horatius</strong></span> <span class='ocrx_word' id='word_1_348' title='bbox 941 1933 989 1975; x_wconf 86' lang='lat' dir='ltr'><strong>C.</strong></span> <span class='ocrx_word' id='word_1_349' title='bbox 1011 1933 1083 1974; x_wconf 88' lang='lat'><strong>111.</strong></span> <span class='ocrx_word' id='word_1_350' title='bbox 1106 1948 1139 1974; x_wconf 89' lang='lat' dir='ltr'><strong>c.</strong></span> <span class='ocrx_word' id='word_1_351' title='bbox 1160 1933 1237 1983; x_wconf 80' lang='lat'><strong>21,</strong></span> <span class='ocrx_word' id='word_1_352' title='bbox 1270 1932 1354 1974; x_wconf 68' lang='lat'><strong>12:</strong></span> <span class='ocrx_word' id='word_1_353' title='bbox 1385 1939 1432 1974; x_wconf 92' lang='lat' dir='ltr'><strong>tu</strong></span> <span class='ocrx_word' id='word_1_354' title='bbox 1462 1931 1555 1974; x_wconf 91' lang='lat' dir='ltr'><strong>lene</strong></span> <span class='ocrx_word' id='word_1_355' title='bbox 1587 1939 1840 1974; x_wconf 86' lang='lat' dir='ltr'><strong>tormentum</strong></span> <span class='ocrx_word' id='word_1_356' title='bbox 1871 1933 2040 1987; x_wconf 89' lang='lat' dir='ltr'><strong>ingenio</strong></span> <span class='ocrx_word' id='word_1_357' title='bbox 2072 1930 2276 1974; x_wconf 85' lang='lat' dir='ltr'><strong>admoves</strong></span> 
     </span>
     <span class='ocr_line' id='line_1_28' title="bbox 122 1997 2277 2057; baseline -0.003 -11"><span class='ocrx_word' id='word_1_358' title='bbox 122 2004 245 2046; x_wconf 88' lang='lat' dir='ltr'><strong>duro.</strong></span> <span class='ocrx_word' id='word_1_359' title='bbox 308 2002 566 2057; x_wconf 87' lang='lat' dir='ltr'><strong>Plerumque</strong></span> <span class='ocrx_word' id='word_1_360' title='bbox 596 2008 752 2056; x_wconf 87' lang='lat' dir='ltr'><strong>poetae</strong></span> <span class='ocrx_word' id='word_1_361' title='bbox 782 1999 1038 2042; x_wconf 88' lang='lat' dir='ltr'><strong>infinitivum</strong></span> <span class='ocrx_word' id='word_1_362' title='bbox 1069 2002 1249 2055; x_wconf 87' lang='lat' dir='ltr'><strong>iungunt</strong></span> <span class='ocrx_word' id='word_1_363' title='bbox 1276 1998 1414 2041; x_wconf 86' lang='lat' dir='ltr'><strong>verbo</strong></span> <span class='ocrx_word' id='word_1_364' title='bbox 1445 1997 1573 2041; x_wconf 79' lang='lat' dir='ltr'><strong>dare:</strong></span> <span class='ocrx_word' id='word_1_365' title='bbox 1613 2001 1686 2054; x_wconf 93' lang='lat' dir='ltr'><strong>qui</strong></span> <span class='ocrx_word' id='word_1_366' title='bbox 1716 2001 1750 2040; x_wconf 91' lang='lat' dir='ltr'><strong>si</strong></span> <span class='ocrx_word' id='word_1_367' title='bbox 1782 2005 1895 2040; x_wconf 90' lang='lat' dir='ltr'><strong>esset</strong></span> <span class='ocrx_word' id='word_1_368' title='bbox 1924 2000 2110 2054; x_wconf 87' lang='lat' dir='ltr'><strong>positus,</strong></span> <span class='ocrx_word' id='word_1_369' title='bbox 2140 2000 2277 2040; x_wconf 87' lang='lat' dir='ltr'><strong>oratio</strong></span> 
     </span>
     <span class='ocr_line' id='line_1_29' title="bbox 121 2064 2279 2127; baseline -0.003 -14"><span class='ocrx_word' id='word_1_370' title='bbox 121 2070 317 2127; x_wconf 87' lang='lat' dir='ltr'><strong>expedita</strong></span> <span class='ocrx_word' id='word_1_371' title='bbox 345 2070 486 2111; x_wconf 83' lang='lat' dir='ltr'><strong>roret:</strong></span> <span class='ocrx_word' id='word_1_372' title='bbox 522 2068 641 2110; x_wconf 91' lang='lat' dir='ltr'><strong>velut</strong></span> <span class='ocrx_word' id='word_1_373' title='bbox 669 2067 787 2123; x_wconf 84' lang='lat' dir='ltr'><strong>Eleg.</strong></span> <span class='ocrx_word' id='word_1_374' title='bbox 818 2067 856 2109; x_wconf 83' lang='lat'><strong>8.</strong></span> <span class='ocrx_word' id='word_1_375' title='bbox 887 2082 926 2108; x_wconf 85' lang='lat' dir='ltr'><strong>v.</strong></span> <span class='ocrx_word' id='word_1_376' title='bbox 956 2068 1044 2108; x_wconf 86' lang='lat'><strong>56.:</strong></span> <span class='ocrx_word' id='word_1_377' title='bbox 1073 2069 1163 2123; x_wconf 87' lang='lat' dir='ltr'><strong>ipse</strong></span> <span class='ocrx_word' id='word_1_378' title='bbox 1195 2065 1314 2108; x_wconf 89' lang='lat' dir='ltr'><strong>dedit</strong></span> <span class='ocrx_word' id='word_1_379' title='bbox 1351 2065 1516 2122; x_wconf 90' lang='lat' dir='ltr'><strong>cupidis</strong></span> <span class='ocrx_word' id='word_1_380' title='bbox 1546 2065 1696 2107; x_wconf 82' lang='lat' dir='ltr'><strong>fallere</strong></span> <span class='ocrx_word' id='word_1_381' title='bbox 1726 2079 1853 2122; x_wconf 87' lang='lat' dir='ltr'><strong>posse</strong></span> <span class='ocrx_word' id='word_1_382' title='bbox 1894 2064 2012 2107; x_wconf 85' lang='lat' dir='ltr'><strong>deus.</strong></span> <span class='ocrx_word' id='word_1_383' title='bbox 2045 2088 2097 2096; x_wconf 95' lang='lat'>—</span> <span class='ocrx_word' id='word_1_384' title='bbox 2141 2079 2180 2106; x_wconf 92' lang='lat' dir='ltr'><strong>v.</strong></span> <span class='ocrx_word' id='word_1_385' title='bbox 2211 2065 2279 2107; x_wconf 80' lang='lat'><strong>43.</strong></span> 
     </span>
     <span class='ocr_line' id='line_1_30' title="bbox 119 2133 2279 2190; baseline -0.003 -10"><span class='ocrx_word' id='word_1_386' title='bbox 119 2137 420 2181; x_wconf 86' lang='lat' dir='ltr'><strong>Broukhusius</strong></span> <span class='ocrx_word' id='word_1_387' title='bbox 462 2151 511 2178; x_wconf 89' lang='lat' dir='ltr'><strong>ex</strong></span> <span class='ocrx_word' id='word_1_388' title='bbox 549 2149 637 2177; x_wconf 91' lang='lat' dir='ltr'><strong>uno</strong></span> <span class='ocrx_word' id='word_1_389' title='bbox 669 2135 790 2176; x_wconf 88' lang='lat' dir='ltr'><strong>Statii</strong></span> <span class='ocrx_word' id='word_1_390' title='bbox 830 2134 941 2176; x_wconf 87' lang='lat' dir='ltr'><strong>libro</strong></span> <span class='ocrx_word' id='word_1_391' title='bbox 973 2137 1123 2176; x_wconf 76' lang='lat' dir='ltr'><strong>tristes</strong></span> <span class='ocrx_word' id='word_1_392' title='bbox 1164 2134 1312 2176; x_wconf 76' lang='lat' dir='ltr'><strong>vultus</strong></span> <span class='ocrx_word' id='word_1_393' title='bbox 1352 2136 1582 2190; x_wconf 86' lang='lat' dir='ltr'><strong>repositum</strong></span> <span class='ocrx_word' id='word_1_394' title='bbox 1619 2133 1793 2175; x_wconf 91' lang='lat' dir='ltr'><strong>maluit:</strong></span> <span class='ocrx_word' id='word_1_395' title='bbox 1833 2147 1941 2188; x_wconf 90' lang='lat' dir='ltr'><strong>quae</strong></span> <span class='ocrx_word' id='word_1_396' title='bbox 1979 2134 2166 2187; x_wconf 84' lang='lat' dir='ltr'><strong>argutiae</strong></span> <span class='ocrx_word' id='word_1_397' title='bbox 2200 2133 2279 2174; x_wconf 90' lang='lat' dir='ltr'><strong>viri</strong></span> 
     </span>
     <span class='ocr_line' id='line_1_31' title="bbox 120 2200 2277 2260; baseline -0.004 -12"><span class='ocrx_word' id='word_1_398' title='bbox 120 2205 352 2248; x_wconf 90' lang='lat' dir='ltr'><strong>doctissimi</strong></span> <span class='ocrx_word' id='word_1_399' title='bbox 384 2204 599 2260; x_wconf 88' lang='lat' dir='ltr'><strong>digniores</strong></span> <span class='ocrx_word' id='word_1_400' title='bbox 640 2210 765 2252; x_wconf 83' lang='lat' dir='ltr'><strong>sunt,</strong></span> <span class='ocrx_word' id='word_1_401' title='bbox 804 2216 909 2257; x_wconf 84' lang='lat' dir='ltr'><strong>quas</strong></span> <span class='ocrx_word' id='word_1_402' title='bbox 942 2203 1132 2251; x_wconf 90' lang='lat' dir='ltr'><strong>mireris,</strong></span> <span class='ocrx_word' id='word_1_403' title='bbox 1173 2215 1298 2257; x_wconf 89' lang='lat' dir='ltr'><strong>quam</strong></span> <span class='ocrx_word' id='word_1_404' title='bbox 1329 2201 1515 2242; x_wconf 84' lang='lat' dir='ltr'><strong>refutes:</strong></span> <span class='ocrx_word' id='word_1_405' title='bbox 1524 2200 1526 2202; x_wconf 69' lang='grc'>’</span> <span class='ocrx_word' id='word_1_406' title='bbox 1555 2201 1817 2256; x_wconf 84' lang='lat' dir='ltr'><strong>oppugnavit</strong></span> <span class='ocrx_word' id='word_1_407' title='bbox 1855 2207 1994 2240; x_wconf 90' lang='lat' dir='ltr'><strong>tamen</strong></span> <span class='ocrx_word' id='word_1_408' title='bbox 2026 2212 2096 2240; x_wconf 88' lang='lat' dir='ltr'><strong>eas</strong></span> <span class='ocrx_word' id='word_1_409' title='bbox 2125 2211 2277 2253; x_wconf 90' lang='lat' dir='ltr'><strong>magno</strong></span> 
     </span>
     <span class='ocr_line' id='line_1_32' title="bbox 121 2264 2279 2329; baseline -0.005 -14"><span class='ocrx_word' id='word_1_410' title='bbox 121 2287 280 2329; x_wconf 87' lang='lat' dir='ltr'><strong>operae</strong></span> <span class='ocrx_word' id='word_1_411' title='bbox 312 2270 527 2328; x_wconf 89' lang='lat' dir='ltr'><strong>impendio</strong></span> <span class='ocrx_word' id='word_1_412' title='bbox 560 2271 769 2325; x_wconf 84' lang='lat' dir='ltr'><strong>Heynius</strong></span> <span class='ocrx_word' id='word_1_413' title='bbox 792 2293 845 2299; x_wconf 86' lang='lat'><strong>--</strong></span> <span class='ocrx_word' id='word_1_414' title='bbox 876 2284 914 2310; x_wconf 93' lang='lat' dir='ltr'><strong>v</strong></span> <span class='ocrx_word' id='word_1_415' title='bbox 938 2269 1003 2310; x_wconf 75' lang='lat'><strong>47.</strong></span> <span class='ocrx_word' id='word_1_416' title='bbox 1042 2268 1184 2311; x_wconf 85' lang='lat' dir='ltr'><strong>dulcis</strong></span> <span class='ocrx_word' id='word_1_417' title='bbox 1222 2268 1326 2310; x_wconf 81' lang='lat' dir='ltr'><strong>tibia</strong></span> <span class='ocrx_word' id='word_1_418' title='bbox 1354 2275 1501 2310; x_wconf 82' lang='lat' dir='ltr'><strong>cantu.</strong></span> <span class='ocrx_word' id='word_1_419' title='bbox 1547 2267 1771 2323; x_wconf 89' lang='lat' dir='ltr'><strong>Plerisque</strong></span> <span class='ocrx_word' id='word_1_420' title='bbox 1809 2269 2089 2321; x_wconf 88' lang='lat' dir='ltr'><strong>interpretum</strong></span> <span class='ocrx_word' id='word_1_421' title='bbox 2120 2264 2279 2320; x_wconf 90' lang='lat' dir='ltr'><strong>placuit</strong></span> 
     </span>
     <span class='ocr_line' id='line_1_33' title="bbox 120 2331 2277 2392; baseline -0.004 -9"><span class='ocrx_word' id='word_1_422' title='bbox 120 2340 241 2383; x_wconf 84' lang='lat' dir='ltr'><strong>dulci</strong></span> <span class='ocrx_word' id='word_1_423' title='bbox 267 2339 371 2382; x_wconf 82' lang='lat' dir='ltr'><strong>tibia</strong></span> <span class='ocrx_word' id='word_1_424' title='bbox 403 2344 549 2381; x_wconf 85' lang='lat' dir='ltr'><strong>cantu.</strong></span> <span class='ocrx_word' id='word_1_425' title='bbox 602 2336 738 2392; x_wconf 84' lang='lat' dir='ltr'><strong>Quod</strong></span> <span class='ocrx_word' id='word_1_426' title='bbox 769 2338 822 2386; x_wconf 92' lang='lat' dir='ltr'><strong>si,</strong></span> <span class='ocrx_word' id='word_1_427' title='bbox 850 2343 897 2377; x_wconf 93' lang='lat' dir='ltr'><strong>ut</strong></span> <span class='ocrx_word' id='word_1_428' title='bbox 931 2336 1045 2392; x_wconf 90' lang='lat' dir='ltr'><strong>apud</strong></span> <span class='ocrx_word' id='word_1_429' title='bbox 1077 2337 1300 2378; x_wconf 88' lang='lat' dir='ltr'><strong>Horatium</strong></span> <span class='ocrx_word' id='word_1_430' title='bbox 1317 2334 1503 2389; x_wconf 83' lang='lat' dir='ltr'><strong>fistula,</strong></span> <span class='ocrx_word' id='word_1_431' title='bbox 1534 2337 1590 2377; x_wconf 91' lang='lat' dir='ltr'><strong>ita</strong></span> <span class='ocrx_word' id='word_1_432' title='bbox 1619 2335 1701 2376; x_wconf 88' lang='lat' dir='ltr'><strong>hoc</strong></span> <span class='ocrx_word' id='word_1_433' title='bbox 1729 2334 1827 2375; x_wconf 90' lang='lat' dir='ltr'><strong>loco</strong></span> <span class='ocrx_word' id='word_1_434' title='bbox 1859 2332 1959 2374; x_wconf 87' lang='lat' dir='ltr'><strong>tibia</strong></span> <span class='ocrx_word' id='word_1_435' title='bbox 1992 2331 2134 2374; x_wconf 84' lang='lat' dir='ltr'><strong>dulcis</strong></span> <span class='ocrx_word' id='word_1_436' title='bbox 2164 2332 2277 2374; x_wconf 87' lang='lat' dir='ltr'><strong>dicta</strong></span> 
     </span>
     <span class='ocr_line' id='line_1_34' title="bbox 120 2397 2277 2458; baseline -0.004 -9"><span class='ocrx_word' id='word_1_437' title='bbox 120 2415 257 2458; x_wconf 89' lang='lat' dir='ltr'><strong>esset,</strong></span> <span class='ocrx_word' id='word_1_438' title='bbox 287 2408 444 2449; x_wconf 85' lang='lat' dir='ltr'><strong>omisso</strong></span> <span class='ocrx_word' id='word_1_439' title='bbox 476 2404 613 2447; x_wconf 85' lang='lat' dir='ltr'><strong>verbo</strong></span> <span class='ocrx_word' id='word_1_440' title='bbox 650 2410 812 2454; x_wconf 80' lang='lat' dir='ltr'><strong>cantu,</strong></span> <span class='ocrx_word' id='word_1_441' title='bbox 843 2403 947 2445; x_wconf 87' lang='lat' dir='ltr'><strong>nihil</strong></span> <span class='ocrx_word' id='word_1_442' title='bbox 978 2410 1090 2445; x_wconf 89' lang='lat' dir='ltr'><strong>certe</strong></span> <span class='ocrx_word' id='word_1_443' title='bbox 1125 2403 1452 2445; x_wconf 84' lang='lat' dir='ltr'><strong>desideraretur.</strong></span> <span class='ocrx_word' id='word_1_444' title='bbox 1501 2402 1597 2444; x_wconf 89' lang='lat' dir='ltr'><strong>Nec</strong></span> <span class='ocrx_word' id='word_1_445' title='bbox 1627 2415 1733 2442; x_wconf 87' lang='lat' dir='ltr'><strong>vero</strong></span> <span class='ocrx_word' id='word_1_446' title='bbox 1764 2402 1971 2455; x_wconf 87' lang='lat' dir='ltr'><strong>scriptura</strong></span> <span class='ocrx_word' id='word_1_447' title='bbox 2002 2398 2105 2441; x_wconf 82' lang='lat' dir='ltr'><strong>tibia</strong></span> <span class='ocrx_word' id='word_1_448' title='bbox 2136 2397 2277 2442; x_wconf 78' lang='lat' dir='ltr'><strong>dulcis</strong></span> 
     </span>
     <span class='ocr_line' id='line_1_35' title="bbox 121 2465 2278 2530; baseline -0.004 -14"><span class='ocrx_word' id='word_1_449' title='bbox 121 2481 257 2517; x_wconf 81' lang='lat' dir='ltr'><strong>ccmtu</strong></span> <span class='ocrx_word' id='word_1_450' title='bbox 290 2473 521 2530; x_wconf 87' lang='lat' dir='ltr'><strong>quidquam</strong></span> <span class='ocrx_word' id='word_1_451' title='bbox 564 2470 691 2513; x_wconf 80' lang='lat' dir='ltr'><strong>hahet</strong></span> <span class='ocrx_word' id='word_1_452' title='bbox 724 2471 1005 2520; x_wconf 78' lang='lat' dir='ltr'><strong>offensionis,</strong></span> <span class='ocrx_word' id='word_1_453' title='bbox 1045 2484 1298 2525; x_wconf 87' lang='lat' dir='ltr'><strong>quamquam</strong></span> <span class='ocrx_word' id='word_1_454' title='bbox 1338 2470 1443 2511; x_wconf 89' lang='lat' dir='ltr'><strong>haec</strong></span> <span class='ocrx_word' id='word_1_455' title='bbox 1484 2469 1743 2511; x_wconf 88' lang='lat' dir='ltr'><strong>constructio</strong></span> <span class='ocrx_word' id='word_1_456' title='bbox 1782 2473 1953 2523; x_wconf 88' lang='lat' dir='ltr'><strong>praeter</strong></span> <span class='ocrx_word' id='word_1_457' title='bbox 1985 2466 2098 2507; x_wconf 91' lang='lat' dir='ltr'><strong>hunc</strong></span> <span class='ocrx_word' id='word_1_458' title='bbox 2135 2465 2278 2507; x_wconf 89' lang='lat' dir='ltr'><strong>locum</strong></span> 
     </span>
     <span class='ocr_line' id='line_1_36' title="bbox 117 2534 2276 2596; baseline -0.004 -14"><span class='ocrx_word' id='word_1_459' title='bbox 117 2555 329 2596; x_wconf 90' lang='lat' dir='ltr'><strong>nusquam</strong></span> <span class='ocrx_word' id='word_1_460' title='bbox 356 2539 471 2596; x_wconf 89' lang='lat' dir='ltr'><strong>apud</strong></span> <span class='ocrx_word' id='word_1_461' title='bbox 498 2538 717 2581; x_wconf 82' lang='lat' dir='ltr'><strong>Tibullum</strong></span> <span class='ocrx_word' id='word_1_462' title='bbox 749 2540 973 2593; x_wconf 86' lang='lat' dir='ltr'><strong>reperitur.</strong></span> <span class='ocrx_word' id='word_1_463' title='bbox 1030 2537 1237 2592; x_wconf 88' lang='lat' dir='ltr'><strong>Equidem</strong></span> <span class='ocrx_word' id='word_1_464' title='bbox 1269 2544 1442 2592; x_wconf 88' lang='lat' dir='ltr'><strong>poetam</strong></span> <span class='ocrx_word' id='word_1_465' title='bbox 1474 2536 1568 2578; x_wconf 91' lang='lat' dir='ltr'><strong>solo</strong></span> <span class='ocrx_word' id='word_1_466' title='bbox 1599 2538 1761 2577; x_wconf 86' lang='lat' dir='ltr'><strong>aurium</strong></span> <span class='ocrx_word' id='word_1_467' title='bbox 1793 2534 1950 2575; x_wconf 84' lang='lat' dir='ltr'><strong>iudicio</strong></span> <span class='ocrx_word' id='word_1_468' title='bbox 1980 2540 2085 2589; x_wconf 91' lang='lat' dir='ltr'><strong>puto</strong></span> <span class='ocrx_word' id='word_1_469' title='bbox 2115 2539 2276 2574; x_wconf 87' lang='lat' dir='ltr'><strong>motum</strong></span> 
     </span>
     <span class='ocr_line' id='line_1_37' title="bbox 118 2598 2275 2659; baseline -0.004 -12"><span class='ocrx_word' id='word_1_470' title='bbox 118 2608 272 2658; x_wconf 88' lang='lat' dir='ltr'><strong>fuisse,</strong></span> <span class='ocrx_word' id='word_1_471' title='bbox 302 2615 348 2649; x_wconf 90' lang='lat' dir='ltr'><strong>ut</strong></span> <span class='ocrx_word' id='word_1_472' title='bbox 377 2605 519 2649; x_wconf 83' lang='lat' dir='ltr'><strong>dulcis</strong></span> <span class='ocrx_word' id='word_1_473' title='bbox 549 2605 765 2648; x_wconf 85' lang='lat' dir='ltr'><strong>scriberet.</strong></span> <span class='ocrx_word' id='word_1_474' title='bbox 787 2629 841 2635; x_wconf 93' lang='lat'><strong>—-</strong></span> <span class='ocrx_word' id='word_1_475' title='bbox 872 2620 909 2647; x_wconf 80' lang='lat' dir='ltr'><strong>V.</strong></span> <span class='ocrx_word' id='word_1_476' title='bbox 928 2606 994 2646; x_wconf 87' lang='grc'><strong>49.</strong></span> <span class='ocrx_word' id='word_1_477' title='bbox 1037 2611 1081 2646; x_wconf 86' lang='lat' dir='ltr'><strong>et</strong></span> <span class='ocrx_word' id='word_1_478' title='bbox 1112 2611 1286 2646; x_wconf 88' lang='lat' dir='ltr'><strong>centum</strong></span> <span class='ocrx_word' id='word_1_479' title='bbox 1318 2602 1450 2645; x_wconf 82' lang='lat' dir='ltr'><strong>ludos</strong></span> <span class='ocrx_word' id='word_1_480' title='bbox 1484 2604 1760 2659; x_wconf 80' lang='lat' dir='ltr'><strong>Geniumque</strong></span> <span class='ocrx_word' id='word_1_481' title='bbox 1790 2600 1964 2643; x_wconf 78' lang='lat' dir='ltr'><strong>choreis</strong></span> <span class='ocrx_word' id='word_1_482' title='bbox 1995 2598 2275 2642; x_wconf 85' lang='lat' dir='ltr'><strong>concelebra:</strong></span> 
     </span>
     <span class='ocr_line' id='line_1_38' title="bbox 118 2666 2275 2724; baseline -0.004 -9"><span class='ocrx_word' id='word_1_483' title='bbox 118 2674 204 2715; x_wconf 87' lang='lat' dir='ltr'><strong>Pro</strong></span> <span class='ocrx_word' id='word_1_484' title='bbox 239 2673 371 2716; x_wconf 86' lang='lat' dir='ltr'><strong>ludos</strong></span> <span class='ocrx_word' id='word_1_485' title='bbox 402 2673 519 2716; x_wconf 89' lang='lat' dir='ltr'><strong>dedit</strong></span> <span class='ocrx_word' id='word_1_486' title='bbox 548 2673 706 2714; x_wconf 88' lang='lat' dir='ltr'><strong>Statius</strong></span> <span class='ocrx_word' id='word_1_487' title='bbox 738 2672 791 2713; x_wconf 89' lang='lat' dir='ltr'><strong>de</strong></span> <span class='ocrx_word' id='word_1_488' title='bbox 823 2674 1070 2713; x_wconf 90' lang='lat' dir='ltr'><strong>coniectura</strong></span> <span class='ocrx_word' id='word_1_489' title='bbox 1102 2670 1231 2713; x_wconf 83' lang='lat' dir='ltr'><strong>ludis.</strong></span> <span class='ocrx_word' id='word_1_490' title='bbox 1290 2670 1574 2712; x_wconf 79' lang='lat' dir='ltr'><strong>Marklandus</strong></span> <span class='ocrx_word' id='word_1_491' title='bbox 1605 2677 1646 2711; x_wconf 91' lang='lat' dir='ltr'><strong>et</strong></span> <span class='ocrx_word' id='word_1_492' title='bbox 1676 2666 2192 2724; x_wconf 65' lang='lat' dir='ltr'><strong>Heynius&#39;refinxerunt:</strong></span> <span class='ocrx_word' id='word_1_493' title='bbox 2231 2671 2275 2707; x_wconf 83' lang='lat' dir='ltr'><strong>et</strong></span> 
     </span>
     <span class='ocr_line' id='line_1_39' title="bbox 122 2732 2275 2796; baseline -0.005 -13"><span class='ocrx_word' id='word_1_494' title='bbox 122 2742 309 2783; x_wconf 85' lang='lat' dir='ltr'><strong>Genium</strong></span> <span class='ocrx_word' id='word_1_495' title='bbox 349 2739 456 2783; x_wconf 82' lang='lat' dir='ltr'><strong>ludo</strong></span> <span class='ocrx_word' id='word_1_496' title='bbox 498 2740 770 2796; x_wconf 82' lang='lat' dir='ltr'><strong>Geniumque</strong></span> <span class='ocrx_word' id='word_1_497' title='bbox 809 2737 982 2781; x_wconf 77' lang='lat' dir='ltr'><strong>choreis</strong></span> <span class='ocrx_word' id='word_1_498' title='bbox 1021 2739 1187 2781; x_wconf 85' lang='lat' dir='ltr'><strong>conccl.</strong></span> <span class='ocrx_word' id='word_1_499' title='bbox 1210 2772 1220 2789; x_wconf 92' lang='lat'><strong>,</strong></span> <span class='ocrx_word' id='word_1_500' title='bbox 1268 2752 1394 2794; x_wconf 88' lang='lat' dir='ltr'><strong>quam</strong></span> <span class='ocrx_word' id='word_1_501' title='bbox 1436 2739 1725 2779; x_wconf 86' lang='lat' dir='ltr'><strong>coniecturam</strong></span> <span class='ocrx_word' id='word_1_502' title='bbox 1765 2733 2010 2776; x_wconf 84' lang='lat' dir='ltr'><strong>Huschkius</strong></span> <span class='ocrx_word' id='word_1_503' title='bbox 2048 2732 2275 2787; x_wconf 85' lang='lat' dir='ltr'><strong>palmarem</strong></span> 
     </span>
     <span class='ocr_line' id='line_1_40' title="bbox 121 2801 2277 2863; baseline -0.005 -13"><span class='ocrx_word' id='word_1_504' title='bbox 121 2808 266 2858; x_wconf 82' lang='lat' dir='ltr'><strong>ducit3</strong></span> <span class='ocrx_word' id='word_1_505' title='bbox 305 2808 383 2850; x_wconf 88' lang='lat' dir='ltr'><strong>scd</strong></span> <span class='ocrx_word' id='word_1_506' title='bbox 412 2807 684 2863; x_wconf 90' lang='lat' dir='ltr'><strong>postmodum</strong></span> <span class='ocrx_word' id='word_1_507' title='bbox 715 2808 805 2862; x_wconf 90' lang='lat' dir='ltr'><strong>ipse</strong></span> <span class='ocrx_word' id='word_1_508' title='bbox 836 2821 930 2848; x_wconf 91' lang='lat' dir='ltr'><strong>cum</strong></span> <span class='ocrx_word' id='word_1_509' title='bbox 962 2806 1321 2853; x_wconf 87' lang='lat' dir='ltr'><strong>demonstrasset,</strong></span> <span class='ocrx_word' id='word_1_510' title='bbox 1360 2811 1564 2860; x_wconf 89' lang='lat' dir='ltr'><strong>quantum</strong></span> <span class='ocrx_word' id='word_1_511' title='bbox 1597 2806 1641 2845; x_wconf 92' lang='lat' dir='ltr'><strong>in</strong></span> <span class='ocrx_word' id='word_1_512' title='bbox 1670 2815 1849 2844; x_wconf 88' lang='lat' dir='ltr'><strong>numero</strong></span> <span class='ocrx_word' id='word_1_513' title='bbox 1886 2801 2131 2842; x_wconf 89' lang='lat' dir='ltr'><strong>centenario</strong></span> <span class='ocrx_word' id='word_1_514' title='bbox 2163 2805 2277 2841; x_wconf 89' lang='lat' dir='ltr'><strong>esset</strong></span> 
     </span>
     <span class='ocr_line' id='line_1_41' title="bbox 119 2866 2276 2930; baseline -0.005 -13"><span class='ocrx_word' id='word_1_515' title='bbox 119 2875 347 2930; x_wconf 85' lang='lat' dir='ltr'><strong>ponderis,</strong></span> <span class='ocrx_word' id='word_1_516' title='bbox 379 2875 576 2916; x_wconf 87' lang='lat' dir='ltr'><strong>coniecit:</strong></span> <span class='ocrx_word' id='word_1_517' title='bbox 607 2872 693 2915; x_wconf 75' lang='lat' dir='ltr'><strong>huc</strong></span> <span class='ocrx_word' id='word_1_518' title='bbox 724 2872 832 2915; x_wconf 83' lang='lat' dir='ltr'><strong>ades</strong></span> <span class='ocrx_word' id='word_1_519' title='bbox 863 2880 907 2915; x_wconf 84' lang='lat' dir='ltr'><strong>et</strong></span> <span class='ocrx_word' id='word_1_520' title='bbox 932 2873 1119 2915; x_wconf 86' lang='lat' dir='ltr'><strong>Genium</strong></span> <span class='ocrx_word' id='word_1_521' title='bbox 1150 2871 1268 2915; x_wconf 84' lang='lat' dir='ltr'><strong>ludis</strong></span> <span class='ocrx_word' id='word_1_522' title='bbox 1299 2877 1561 2927; x_wconf 79' lang='lat' dir='ltr'><strong>centumque</strong></span> <span class='ocrx_word' id='word_1_523' title='bbox 1591 2868 1657 2913; x_wconf 79' lang='lat' dir='ltr'><strong>ch.</strong></span> <span class='ocrx_word' id='word_1_524' title='bbox 1679 2883 1822 2919; x_wconf 88' lang='lat' dir='ltr'><strong>conc.,</strong></span> <span class='ocrx_word' id='word_1_525' title='bbox 1852 2866 2011 2909; x_wconf 90' lang='lat' dir='ltr'><strong>scilicet</strong></span> <span class='ocrx_word' id='word_1_526' title='bbox 2040 2873 2087 2907; x_wconf 95' lang='lat' dir='ltr'><strong>ut</strong></span> <span class='ocrx_word' id='word_1_527' title='bbox 2111 2866 2276 2908; x_wconf 87' lang='lat' dir='ltr'><strong>Genius</strong></span> 
     </span>
     <span class='ocr_line' id='line_1_42' title="bbox 119 2931 2275 2996; baseline -0.004 -13"><span class='ocrx_word' id='word_1_528' title='bbox 119 2945 163 2983; x_wconf 88' lang='lat' dir='ltr'><strong>in</strong></span> <span class='ocrx_word' id='word_1_529' title='bbox 194 2957 316 2984; x_wconf 89' lang='lat' dir='ltr'><strong>suum</strong></span> <span class='ocrx_word' id='word_1_530' title='bbox 346 2941 486 2984; x_wconf 90' lang='lat' dir='ltr'><strong>locum</strong></span> <span class='ocrx_word' id='word_1_531' title='bbox 506 2975 515 2993; x_wconf 91' lang='lat'><strong>,</strong></span> <span class='ocrx_word' id='word_1_532' title='bbox 550 2955 636 2996; x_wconf 90' lang='lat' dir='ltr'><strong>quo</strong></span> <span class='ocrx_word' id='word_1_533' title='bbox 668 2942 821 2982; x_wconf 88' lang='lat' dir='ltr'><strong>iniuria</strong></span> <span class='ocrx_word' id='word_1_534' title='bbox 850 2947 989 2983; x_wconf 91' lang='lat' dir='ltr'><strong>motus</strong></span> <span class='ocrx_word' id='word_1_535' title='bbox 1028 2948 1167 2993; x_wconf 87' lang='lat' dir='ltr'><strong>esset,</strong></span> <span class='ocrx_word' id='word_1_536' title='bbox 1204 2942 1514 2982; x_wconf 88' lang='lat' dir='ltr'><strong>restitueretur.</strong></span> <span class='ocrx_word' id='word_1_537' title='bbox 1575 2938 1803 2980; x_wconf 88' lang='lat' dir='ltr'><strong>Dissenius</strong></span> <span class='ocrx_word' id='word_1_538' title='bbox 1832 2942 2126 2992; x_wconf 86' lang='lat' dir='ltr'><strong>praeterquam</strong></span> <span class='ocrx_word' id='word_1_539' title='bbox 2155 2931 2275 2988; x_wconf 85' lang='lat' dir='ltr'><strong>quod</strong></span> 
     </span>
    </p>
   </div>
  </div>
 </body>
</html>
