2462 3112
1218 110 1259 148 V

139 229 278 275 ludos
306 232 352 274 in
379 227 499 273 ludis
528 229 684 271 mutari
711 226 856 280 iubet,
887 226 994 270 nihil
1020 225 1194 270 molitus
1226 233 1290 269 est
1320 224 1512 282 amplius.
1559 224 1784 282 Gruppius
1816 225 2078 267 Lachmanni
2107 223 2180 266 vel
2209 223 2328 268 codi-

145 313 241 342 cum
261 299 406 356 potius
428 298 726 339 auctoritatem
748 302 921 338 secutus
949 293 1084 338 ludos
1104 301 1264 337 tuetur.
1294 294 1388 349 Ego
1409 307 1499 335 non
1520 293 1744 335 immemor
1764 307 1855 334 sum
1878 291 2075 334 simillimi
2097 292 2328 348 zeugmatis

143 364 260 423 apud
292 363 427 408 Ovid:
455 364 563 408 Met.
594 364 671 406 IV.
702 364 799 406 444.
830 377 954 419 sqq:
994 361 1114 419 quod
1146 369 1285 404 tamen
1319 362 1401 402 iam
1441 359 1607 402 nullum
1639 367 1729 411 est,
1767 368 1993 418 postquam
2026 359 2209 410 1ahnus,
2240 359 2329 402 Bo-

136 423 257 480 thius
298 439 340 475 et
370 431 568 474 Handius
599 445 770 473 versum
809 429 864 472 ab
901 431 1083 473 Heinsio
1125 428 1227 471 sede
1268 444 1343 471 sua
1382 427 1552 485 pulsum
1591 430 1684 471 iure
1720 427 1969 485 postliminii
2010 427 2189 469 redire
2193 429 2329 469 iusse-

139 506 271 556 runt:
309 499 386 542 sed
416 505 463 542 ut
492 498 619 541 huius
661 498 746 542 loci
782 500 992 555 scriptura
1022 504 1172 548 staret,
1211 495 1328 553 apud
1367 495 1588 538 'libullum
1628 504 1769 539 tamen
1805 498 1839 539 si
1882 496 2065 538 dicerem
2105 494 2328 537 horridum

90 554 260 631 &tud
289 580 466 623 zeugma
495 566 596 608 mihi
627 564 834 623 probari,
865 568 1079 607 mentirer.
1141 564 1254 608 Cum
1287 563 1485 616 Genius,
1515 565 1590 620 qui
1621 564 1812 616 choreis,
1844 564 1957 606 idem
1988 562 2101 605 ludis
2133 561 2331 605 concele-

89 655 93 657 ·
131 632 320 687 ,ΕΙ-οων,
350 634 626 677 scribendum
658 642 721 677 est
751 641 824 677 aut
858 640 1035 677 centum
1065 632 1199 676 ludos
1229 634 1461 690 Genioque
1491 632 1616 684 (dem
1649 632 1817 675 Genius
1849 647 1903 674 zu
1933 630 2107 683 Ehren)
2137 629 2328 674 choreas

141 717 268 748 conc.
299 710 373 746 aut
403 701 521 746 ludis
555 703 831 760 Geniumque
862 701 1037 745 choreis
1069 701 1238 744 concel.
1266 707 1549 758 —tempora
1582 700 1768 743 Osiridis
1802 700 1907 751 dici,
1938 698 2207 742 manifestum
2241 705 2326 741 est:

143 785 387 829 pronomen
418 778 467 814 tu
497 773 638 827 repeti
669 770 802 813 debet
833 784 882 812 ex
912 768 1048 812 verbo
1079 768 1189 811 ades
1221 769 1349 822 (vide
1378 775 1520 811 tamen
1540 770 1683 825 Heyn.
1709 768 1764 811 ad
1794 769 1831 811 h.
1861 769 1922 817 1.).
1971 768 2178 817 Centum,
2203 766 2331 809 ,velut

144 841 295 884 Horat.
315 839 366 883 C.
386 839 462 881 lv.
485 842 526 890 l,
554 840 641 881 15.:
672 853 782 897 puer
811 844 978 880 centum
998 839 1163 880 artium.
1182 862 1234 870 —
1255 853 1292 880 V.
1312 838 1380 880 51.
1410 837 1540 879 Illius
1559 844 1605 879 et
1629 835 1771 880 nitido
1790 837 2104 878 Lachmannus:
2135 849 2160 877 e
2182 831 2325 878 nitido

147 909 368 965 Heynius,
406 906 671 957 Huschkius‚
704 906 952 956 Dissenius‚
991 904 1063 947 alii
1095 904 1320 947 dederunt.
1386 905 1428 946 hi
1459 919 1560 947 num
1592 913 1706 948 recte
1737 905 1936 956 fecerint,
1968 903 2135 946 dubito.
2197 900 2327 946 ovid.

145 976 320 1019 Metam.
340 975 371 1019 1.
389 975 507 1017 266.:
539 975 655 1017 canis
685 973 780 1016 fluit
798 973 914 1016 unda
940 972 1118 1029 capillis.
1154 974 1285 1029 Epist.
1304 972 1484 1016 Heroid.
1503 975 1612 1016 ΧΧΙ.
1637 974 1749 1016 165.;
1779 987 1910 1030 saepe
1931 973 2150 1015 coronatis
2168 969 2331 1013 stillant

144 1051 362 1102 unguenta
395 1042 570 1099 capillis,
617 1043 682 1084 Ac
712 1041 972 1099 persuadere
1001 1041 1102 1083 mihi
1132 1054 1222 1083 non
1254 1055 1451 1097 possum,
1481 1041 1764 1098 sequentibus
1789 1041 1934 1084 verbis
1963 1039 2034 1083 Sic
2063 1042 2217 1082 venias
2247 1036 2329 1082 ho-

148 1110 304 1155 dierne
331 1113 476 1154 vocari
507 1110 706 1153 Genium.
757 1109 885 1152 Genii
915 1111 1052 1166 imago
1083 1108 1259 1151 aderat:
1293 1108 1437 1151 Osiris
1467 1111 1682 1152 invitatur.
1735 1109 1803 1152 Ad
1834 1109 1967 1160 hunc,
1998 1122 2088 1150 non
2122 1106 2175 1149 ad
2210 1106 2329 1149 illum

148 1193 383 1223 conversus
415 1185 543 1235 poeta
572 1180 658 1228 sic,
688 1180 849 1234 inquit,
878 1179 1032 1219 venias
1062 1175 1291 1219 hodierne.
1334 1176 1451 1219 Idem
1473 1186 1699 1220 senserunt
1720 1178 2023 1220 Broukhusius
2046 1184 2086 1219 et
2108 1176 2327 1232 Heynius:

148 1253 298 1299 contra
329 1259 440 1302 qnos
470 1245 694 1288 Dissenius
726 1244 846 1296 dicit,
878 1259 966 1286 rem
998 1245 1130 1301 ipsam
1163 1244 1345 1296 docere,
1377 1247 1443 1302 agi
1471 1245 1555 1287 hoc
1584 1245 1684 1288 loco
1716 1245 1771 1288 de
1803 1245 1960 1288 Genio.
2012 1245 2160 1301 Turpe
2192 1251 2254 1285 est
2284 1245 2330 1286 in

148 1329 196 1358 re
215 1313 437 1356 manifesta
463 1327 625 1356 errare:
656 1312 735 1356 sed
753 1313 945 1355 Dissenii
968 1314 1158 1355 rationes
1180 1326 1269 1355 non
1295 1327 1371 1355 eae
1402 1320 1522 1364 sunt,
1553 1313 1711 1370 quibus
1732 1313 1832 1356 mihi
1861 1313 1928 1355 hic
1958 1326 2081 1356 error
2111 1313 2328 1368 eripiatur.

146 1381 440 1439 quadecaussa
465 1383 588 1423 etiam
615 1394 730 1423 nunc
753 1380 854 1422 mihi
875 1395 1124 1438 persuasum
1152 1388 1233 1432 est,
1265 1396 1506 1437 germanam
1531 1383 1783 1439 scripturam
1808 1397 1900 1425 esse
1926 1387 1982 1424 et.
2021 1379 2177 1423 Paullo
2201 1393 2333 1435 supra

150 1449 311 1492 Osirim
350 1448 572 1506 appellans
612 1448 801 1492 dixerat:
848 1448 1072 1492 incalesce
1108 1451 1242 1491 vino:
1291 1464 1407 1491 nunc
1448 1448 1593 1501 addit,
1638 1452 1762 1492 etiam
1802 1450 1921 1492 illius
1959 1455 2094 1506 caput
2135 1473 2188 1481 -
2227 1447 2332 1490 dicit

149 1524 287 1560 autem
320 1515 451 1559 Genii
486 1541 530 1547 —
569 1523 802 1575 unguento
828 1518 982 1559 niteat.
1009 1542 1047 1547 —
1088 1532 1126 1559 ν.
1155 1517 1223 1559 53.
1260 1517 1437 1560 Frustra
1466 1517 1601 1559 haesit
1629 1518 1830 1574 Heynius
1865 1519 1907 1559 in
1938 1515 2075 1558 verbo
2107 1514 2230 1558 dem:
2263 1528 2331 1558 res

149 1592 212 1628 est
243 1583 298 1628 ab
329 1583 554 1627 Huschkio
588 1592 628 1627 et
658 1585 861 1627 Dissenio
893 1576 995 1626 satis
1027 1582 1246 1627 illustrata.
1305 1586 1399 1628 Nec
1431 1586 1631 1642 Heynius
1665 1601 1756 1628 eam
1788 1587 2018 1642 ignoravit,
2050 1584 2093 1627 id
2125 1582 2245 1640 quod
2277 1596 2328 1625 ex

149 1656 240 1696 eius
271 1656 547 1696 annotatione
574 1652 854 1709 intelligitur3
891 1652 967 1695 sed
1004 1654 1069 1694 vir
1105 1652 1372 1695 doctissimus
1411 1653 1651 1709 implicatus
1688 1655 1835 1696 nescio
1868 1668 1952 1710 qua
1992 1653 2157 1694 aurium
2191 1649 2330 1692 offen-

149 1723 271 1764 sione
290 1721 528 1763 haesitavit.
545 1745 601 1751 -
622 1736 662 1763 v,
682 1721 750 1762 56.
780 1721 1040 1779 Mopsopio.
1071 1721 1349 1777 Mopsopiam
1370 1719 1521 1763 urbem
1534 1755 1544 1773 ‚
1574 1723 1834 1779 Mopsopios
1851 1735 2017 1771 murm,
2047 1720 2331 1776 Mopsopium

149 1792 350 1832 iuvenem
382 1795 716 1832 commemorant
746 1787 817 1830 alii
848 1802 1026 1845 quoque
1054 1796 1230 1845 poetae:
1262 1789 1390 1832 docte
1420 1804 1543 1841 sane,
1579 1791 1654 1833 sed
1692 1794 1784 1833 sine
1815 1790 1903 1833 ulla
1931 1790 2154 1833 doctrinae
2184 1794 2331 1829 osten-

149 1859 323 1900 tatione.
383 1856 502 1913 Quid
539 1863 680 1899 autem
720 1858 881 1912 regium
918 1857 1001 1898 hoc
1036 1871 1192 1900 nomen
1232 1856 1284 1899 ad
1329 1857 1632 1915 designandam
1663 1859 1797 1902 mellis
1834 1859 2135 1916 praestantiam
2169 1855 2330 1906 valeat,

151 1926 352 1982 equidem
382 1939 472 1967 non
501 1925 695 1981 dispicio.
756 1924 936 1980 Quanto
967 1925 1223 1980 prudentius
1256 1924 1325 1967 alii
1355 1926 1438 1968 mel
1470 1927 1634 1969 olentis
1669 1928 1861 1984 Hymetti
1892 1925 2167 1983 praedicant,
2208 1922 2331 1985 quod

148 1992 459 2037 nobilissimum
490 1991 778 2048 omnibusque
808 1993 1023 2047 cognitum
1044 1999 1178 2035 esset.
1208 2018 1261 2026 —
1302 2009 1340 2036 ν.
1366 1993 1434 2037 58.
1477 1994 1699 2038 Huschkio
1728 1996 1985 2051 geminatum
2016 2006 2254 2050 pronomen
2288 1997 2332 2033 et

150 2060 394 2118 asyndeton
419 2059 692 2116 placuerunt:
732 2058 850 2116 quod
871 2061 1021 2102 miror:
1058 2060 1212 2103 melius
1243 2061 1377 2104 multo
1409 2063 1628 2119 Heynius,
1668 2065 1742 2119 qui
1771 2065 1814 2106 in
1847 2059 2198 2107 annotationibus
2229 2058 2328 2101 loco

150 2135 382 2172 retractato
420 2126 559 2184 probe
599 2126 832 2178 intellexit,
870 2127 979 2170 male
1011 2143 1033 2170 a
1062 2128 1342 2172 Broukhusio
1374 2129 1552 2172 alterum
1584 2146 1714 2188 quem
1744 2133 1962 2173 invectum
1994 2143 2099 2172 esse.
2151 2129 2198 2169 ln
2230 2125 2331 2168 sub-

150 2194 429 2253 sequentibus
457 2197 666 2238 assentior
690 2196 990 2247 Broukhmio,
1022 2197 1219 2252 Heynio,
1250 2197 1496 2249 Huschkio‚
1529 2201 1603 2255 qui
1634 2206 1766 2241 canet
1796 2200 2029 2255 scripturae
2061 2198 2181 2254 ¹canit
2212 2201 2331 2236 ante-

151 2270 417 2321 posuerunt:
455 2277 536 2305 nec
563 2278 630 2305 me
660 2271 804 2306 movet
842 2263 964 2306 locus
995 2278 1018 2305 a
1047 2264 1252 2308 Dissenio
1293 2265 1446 2308 allatus
1483 2265 1535 2308 ΙΙ.
1575 2267 1621 2317 2,
1664 2267 1750 2318 10.,
1782 2269 1903 2308 cuius
1941 2265 2098 2308 similes
2128 2262 2250 2305 multi
2286 2268 2331 2304 et

151 2331 223 2374 alii
265 2329 380 2388 apud
418 2345 594 2387 graecos
631 2338 673 2373 et
716 2330 871 2374 latinos
915 2334 1146 2389 scriptores
1187 2336 1476 2390 reperiuntur.
1545 2335 1602 2376 At
1644 2337 1687 2377 in
1731 2334 1930 2377 omnibus
1972 2332 2180 2377 eiusmodi
2222 2330 2329 2372 locis

154 2414 204 2442 ea
235 2402 345 2442 ratio
375 2407 543 2455 regnat,
573 2406 620 2442 ut
650 2414 719 2442 res
750 2407 958 2442 eventura
988 2403 1070 2443 iam
1094 2416 1192 2458 pars
1221 2416 1315 2444 esse
1339 2405 1574 2458 praesentis
1604 2406 1807 2461 temporis
1838 2405 2030 2460 coeperit
2062 2408 2133 2443 aut
2164 2401 2328 2441 animus

150 2481 297 2511 morae
334 2468 556 2523 impatiens
596 2481 667 2518 ea,
707 2482 791 2524 qua
829 2483 947 2510 mens
978 2467 1090 2511 solet
1121 2483 1215 2510 esse
1247 2469 1484 2522 celeritate,
1514 2478 1681 2528 tempus
1713 2479 1894 2528 occupet
1934 2483 2110 2525 remque
2145 2468 2330 2509 futuram

153 2543 251 2579 ante
282 2534 435 2578 oculos
465 2542 612 2592 ponat.
664 2536 881 2578 Neutrum
913 2536 1013 2579 mihi
1052 2538 1096 2578 in
1130 2537 1244 2579 hunc
1276 2537 1417 2580 locum
1450 2537 1607 2581 cadere
1638 2539 1819 2583 videtur.
1871 2540 1983 2582 Nam
2015 2552 2109 2578 cum
2147 2550 2199 2577 eo
2231 2535 2326 2590 ipso

152 2610 349 2659 tempore
378 2605 446 2645 via
477 2610 744 2645 sterneretur
774 2603 959 2646 necdum
997 2606 1094 2647 trita
1127 2612 1239 2647 esset
1271 2606 1551 2661 agricolarum
1585 2607 1794 2663 pedibus,
1824 2622 1911 2650 non
1943 2606 2093 2654 video,
2125 2606 2200 2659 qui
2229 2608 2327 2658 apte

153 2669 281 2712 scribi
319 2673 512 2726 potuerit
548 2673 696 2721 canit,
734 2674 982 2727 praesertim
1023 2687 1116 2714 cum
1156 2672 1345 2715 futurum
1386 2682 1576 2716 exactum
1615 2677 1811 2722 venerit,
1853 2674 2078 2724 retulerit,
2124 2677 2329 2727 sequatur

154 2751 236 2780 nec
268 2737 355 2779 ulla
384 2738 467 2781 hoc
495 2738 597 2781 loco
625 2741 753 2782 animi
782 2743 836 2782 sit
865 2742 1111 2783 commotio.
1172 2741 1323 2796 ltaque
1354 2748 1487 2785 canet
1516 2744 1720 2799 scriptum
1750 2742 1903 2785 malim.

244 2804 366 2861 Eleg.
395 2806 515 2848 Vlll.
542 2821 582 2848 V.
613 2807 652 2848 l.
713 2806 852 2850 celari
878 2810 1059 2866 possim.
1119 2808 1190 2850 Sic
1222 2808 1412 2866 Scaliger
1442 2817 1482 2852 et
1513 2812 1587 2865 qui
1617 2824 1713 2852 eum
1745 2812 1880 2852 secuti
1910 2817 2027 2859 sunt,
2058 2808 2255 2863 Heynius
2287 2812 2329 2847 et

154 2871 413 2914 Huschkius.
451 2879 493 2915 at
512 2881 627 2916 recte
650 2874 966 2926 Lachmannus,
998 2876 1246 2928 Dissenius‚
1276 2876 1499 2934 Gruppius
1527 2892 1712 2934 possum
1735 2893 1785 2921 ex
1808 2878 1928 2921 libris
1954 2877 2176 2919 dederunt.
2207 2874 2327 2918 Con-

153 2941 367 2983 iunctivus
395 2940 525 2994 enim,
554 2942 643 2985 sive
662 2956 756 2996 eum
774 2957 854 3000 pro
871 2943 1019 2987 futuro
1044 2946 1231 3002 positum
1261 2944 1385 2998 dicis,
1415 2947 1504 2988 sive
1525 2948 1609 2989 vim
1634 2947 1671 2989 ei
1695 2945 1847 2989 tribuis
1871 2949 2009 3004 graeci
2033 2945 2212 3001 optatixi
2232 2957 2326 2985 cum

73 335 92 353 Ο
