2462 3112
1178 156 1280 197 vm

158 265 266 323 quid
282 265 550 317 Amalthea,
588 267 797 325 quicquid
816 269 1068 327 Marpessia
1096 269 1209 312 dixit
1236 271 1480 328 Herophile
1499 273 1677 317 Phoebo
1707 282 1929 333 grataque
1957 276 2304 334 quodmomffl}

162 333 367 392 Quasque
386 334 570 377 Albana
598 350 754 378 sacras
787 336 954 379 Tiberis
982 353 1064 396 per·
1080 339 1275 390 flumina
1304 346 1452 383 sortes
1472 341 1674 384 Por-tavit
1693 345 1811 386 sicco
1830 345 2155 403 pertuleritque
2175 349 2302 398 sirau

154 401 390 456 Haesere
420 401 631 445 dixerunt
664 410 745 446 cet.
800 404 1058 448 Amaltheam
1089 409 1229 449 Varro
1270 407 1380 459 (vid.
1412 409 1588 451 Lactant
1618 410 1682 452 de·
1712 411 1800 453 fals.
1830 410 1945 468 relig.
1977 411 2014 463 I,
2050 413 2111 465 6.)
2142 413 2302 468 Cuma·—

155 483 250 511 nam
282 470 411 512 tradit
438 470 589 520 fuisse,
620 470 673 513 ab
704 472 796 514 aliis
828 473 1093 530 Herophilen
1123 474 1192 516 vel
1221 475 1507 532 Demophilen
1538 480 1813 520 nominatam:
1841 480 2026 535 Virgilio
2058 482 2188 534 (Aen.
2218 482 2298 532 IV,

153 539 240 590 36)
279 537 425 580 eadem
465 546 644 580 vocatur
680 540 924 596 Deiphobe.
993 541 1062 583 Ab
1106 541 1323 585 Amalthea
1367 551 1505 585 autem
1551 559 1702 586 novem
1745 545 1879 587 libros
1920 547 1973 588 ad
2018 549 2297 605 Tarquinium

154 605 373 658 (Priscum
402 606 533 648 fuisse
563 609 621 648 ait
642 607 803 659 Varro,
835 608 1075 665 Superbum
1099 610 1268 652 Gellius
1299 611 1325 653 l.
1355 612 1394 663 l,
1425 627 1458 654 c.
1490 612 1570 665 19)
1601 612 1749 655 allatos
1778 613 2014 669 perbibent.
2043 616 2300 674 Marpessia

154 688 264 730 quae
292 674 375 715 hoc
404 674 503 716 loco
531 674 787 730 appellatur,
817 677 993 718 eandem
1015 679 1156 719 Varro
1180 678 1540 734 Hellesponticam
1569 680 1686 731 dicit,
1717 688 1855 722 natam
1884 684 1926 723 iu
1958 696 2067 738 agro*
2080 684 2297 736 Troiano,

152 743 249 783 vico
279 743 526 797 MarpeSSO,
558 746 669 784 circa
699 743 902 799 oppidum
935 745 1209 800 Gergithium.
1247 747 1331 788 Pro
1362 746 1597 804 Mm’pesso
1631 749 1743 804 apud
1774 748 1878 791 alios
1909 752 2136 805 scriptores
2166 752 2297 794 Mar-

152 824 321 851 messus
356 809 427 851 vel
466 810 733 852 Mar-missus
772 815 994 867 reperitur.
1056 813 1185 866 (Vid.
1218 814 1334 855 Suid.
1366 829 1396 856 s.
1427 830 1466 856 V.
1499 814 1693 869 Σίβυλλα
1731 824 1773 857 et
1811 817 1954 873 steph.
1994 818 2132 873 Byz.).
2188 819 2297 862 >Inde

152 876 344 919 Salmasii
376 880 619 919 coniectura
654 879 962 922 Mer-messiam
994 888 1093 922 nata
1135 889 1223 923 est:
1262 897 1404 937 quam,
1441 898 1534 924 cum
1565 898 1630 925 res
1669 891 1751 926 tam
1780 886 1935 925 incerta
1966 887 2038 935 sit,
2072 900 2148 927 cur
2176 886 2300 943 ΗΟ]-

151 947 248 987 nius
278 953 320 987 et
349 946 592 988 Huschkius
625 950 864 989 auctoritati
893 948 1097 990 librorum
1133 957 1415 1006 anteponant,
1455 965 1540 992 non
1575 951 1765 1007 dispicio.
1802 952 1968 1004 {Eadem
1997 953 2086 994 sere
2115 956 2299 1010 scriptu-

151 1026 225 1054 rae
260 1014 542 1055 inconstantia
576 1021 639 1056 est
676 1017 718 1056 in
754 1018 923 1057 nomine
955 1017 1230 1073 Herophiles,
1270 1033 1392 1074 quam
1430 1018 1500 1060 alii
1531 1018 1756 1076 Eriphilen
1785 1020 1853 1061 vel
1884 1020 2140 1077 Heriphilen
2179 1021 2298 1064 dixe-

153 1089 254 1123 runt
282 1084 605 1137 scripseruntve.
643 1084 698 1124 At
728 1086 933 1139 scriptura
964 1085 1208 1143 Herophilo
1238 1089 1486 1127 auctoritate
1514 1087 1747 1128 Pausaniae
1776 1089 1859 1137 (X,
1892 1087 1973 1139 12)
2002 1091 2100 1130 satis
2129 1089 2297 1132 firmata

154 1157 228 1192 est.
288 1149 418 1205 Apud
453 1164 579 1206 quem
618 1153 864 1207 scriptorem
903 1168 996 1194 cum
1030 1154 1267 1209 Herophile
1305 1154 1528 1210 glorietur:
1567 1153 1633 1195 οἵδ’
1670 1154 1753 1209 ἐγώ
1791 1154 1822 1196 οἱ
1860 1154 2023 1210 Φοίβοιο
2052 1155 2296 1211 σαφηγορίς

151 1216 243 1273 εἶμι
271 1215 488 1272 Σίβυλλα,
520 1218 642 1260 facile
673 1222 767 1275 quis
799 1219 951 1262 adduci
983 1223 1137 1276 possit,
1167 1229 1214 1262 ut
1242 1222 1384 1263 verbis
1415 1221 1593 1265 Phoebo
1624 1229 1759 1280 grata
1791 1226 2094 1278 patrocinetur:
2123 1240 2293 1275 verum,-

149 1293 198 1328 ut
225 1286 387 1342 pridem
419 1286 665 1327 Huschkius
695 1287 822 1337 vidit,
863 1291 1034 1343 quaevis
1066 1289 1144 1330 alia
1175 1289 1340 1345 Sibylla
1370 1296 1410 1331 et
1440 1290 1608 1331 fatidica
1639 1290 1791 1332 mulier
1818 1291 2022 1348 Apollini
2050 1299 2186 1349 grata
2215 1306 2294 1335 vo-

150 1355 236 1395 cari
262 1360 443 1409 poterat.
509 1353 706 1396 Ceterum
745 1370 825 1411 pro
864 1363 1087 1413 grataque
1117 1356 1239 1414 quod
1266 1360 1435 1399 monuit
1466 1361 1507 1399 in
1536 1358 1626 1399 aliis
1658 1357 1776 1400 libris
1807 1366 1868 1400 est
1896 1365 2032 1416 grata
2061 1359 2182 1416 quod
2209 1360 2293 1403 ad-

147 1424 332 1464 monuit.
392 1420 666 1463 Vocabulum
703 1422 934 1465 admonuit
966 1427 1101 1480 ipsum
1139 1425 1243 1466 nihil
1272 1425 1395 1466 habet
1433 1426 1693 1467 offensionis
1752 1426 2008 1482 Plerumque
2038 1425 2205 1482 quidem
2235 1427 2293 1471 de

147 1489 332 1532 oraculis
362 1504 544 1531 monere
573 1497 819 1546 usurpatur:
858 1491 910 1533 de
943 1495 1149 1548 portentis
1180 1508 1228 1534 ac
1264 1493 1466 1549 prodigiis
1508 1497 1629 1534 etiam
1657 1509 1948 1551 praemonere
1977 1494 2292 1550 frequentatum

148 1564 212 1600 est
237 1556 377 1610 (conf.
406 1557 500 1598 infr.
529 1572 568 1599 v.
599 1558 665 1599 78.
699 1558 828 1600 Ovid.
862 1561 1033 1602 Metam.
1064 1562 1165 1611 XV,
1198 1561 1289 1603 185.
1324 1560 1428 1602 Plin.
1465 1561 1563 1602 Nat.
1594 1562 1701 1603 Hist.
1732 1563 1770 1612 1,
1809 1562 1910 1612 57):
1948 1570 2076 1618 atque
2103 1566 2220 1606 extis
2247 1570 2294 1607 et

148 1626 334 1666 ostentis
365 1623 519 1667 Cicero
559 1626 651 1679 ipse
685 1625 765 1676 (de
797 1627 893 1667 Nat.
927 1626 1042 1668 deor.
1074 1627 1132 1677 II,
1163 1629 1243 1680 66)
1284 1628 1514 1670 admoneri
1544 1629 1657 1670 dixit.
1717 1630 1836 1670 Hanc
1865 1631 1990 1683 igitur
2017 1643 2164 1670 vocem
2198 1643 2289 1672 nou

146 1704 314 1733 moror:
351 1691 428 1732 sed
455 1690 590 1732 multo
621 1694 748 1747 magis
778 1702 1018 1748 suspectum
1049 1695 1147 1735 mihi
1179 1703 1239 1736 est
1269 1694 1390 1750 quod
1407 1712 1414 1735 :
1457 1710 1533 1735 nec
1576 1698 1683 1736 enim
1723 1703 1827 1751 puto
1858 1704 2023 1751 poetam
2057 1711 2185 1738 unum
2214 1698 2291 1738 ali-

150 1758 271 1814 quod
299 1759 540 1799 vaticinium
571 1757 747 1813 intelligi
776 1759 974 1800 voluisse.
1025 1760 1081 1800 At
1110 1774 1212 1801 vero
1244 1776 1352 1816 quae
1386 1769 1447 1803 est
1475 1765 1681 1803 sententia
1710 1763 1940 1804 verborum
1969 1763 2148 1806 Phoebo
2178 1779 2291 1822 gra-

147 1832 282 1883 taque
305 1823 428 1882 quod
445 1827 644 1867 monuit?
675 1826 931 1881 Interpretes
963 1841 1109 1868 omnes
1138 1828 1192 1869 ad
1224 1843 1352 1870 unum
1377 1832 1665 1880 consentiunt,
1696 1845 1774 1885 pro
1801 1830 1978 1872 Phoebo
1998 1831 2115 1873 valius
2146 1835 2290 1874 cuius-

147 1893 242 1936 dam
264 1892 456 1948 Sibyllae
485 1907 640 1935 nomen
664 1893 956 1948 reponendum
979 1895 1127 1936 fuisse:
1157 1897 1317 1938 Vossio
1347 1896 1506 1952 placuit
1525 1897 1687 1946 Demo,
1719 1897 1938 1939 Huschkio
1960 1897 2125 1953 Phyto:
2156 1899 2289 1942 altera

147 1967 501 2003 commemoratur
533 1975 554 2001 a
587 1962 794 2003 Pausania
828 1963 911 2013 (X,
944 1962 1015 2013 12,
1047 1962 1121 2015 8),
1152 1963 1283 2005 altera
1322 1979 1346 2005 a
1377 1966 1590 2006 Varrone:
1631 1966 1809 2007 Samiam
1841 1980 1931 2006 eam
1968 1966 2094 2008 dicit:
2127 1981 2288 2010 nomeu

148 2031 240 2071 eius
266 2042 357 2070 non
388 2028 572 2070 addidit:
604 2029 677 2070 sed
708 2029 974 2070 tradiderunt
1002 2029 1108 2071 illud
1142 2031 1209 2072 alii
1239 2034 1467 2087 scriptores
1500 2034 1638 2085 (conf.
1660 2033 1806 2088 scalig.
1835 2033 1886 2074 ad
1906 2033 2061 2075 Euseb.
2084 2034 2287 2077 Chronic.

145 2113 188 2154 p.
219 2097 272 2139 77
313 2103 355 2139 et
385 2096 571 2138 Huschk.
606 2097 660 2138 ad
691 2097 729 2139 h.
760 2096 827 2148 1.).
890 2098 1108 2139 Summoto
1146 2101 1317 2140 nomine
1355 2099 1520 2142 Phoebi
1555 2115 1635 2141 vox
1671 2107 1807 2158 grata
1843 2108 1954 2142 stare
1997 2101 2116 2143 nullo
2155 2109 2287 2157 pacto

145 2172 296 2221 potest.
357 2164 556 2207 Coniecit
587 2165 878 2206 Lachmannus
907 2168 1059 2222 graia,
1098 2181 1222 2221 quam
1266 2169 1551 2208 coniecturam
1591 2167 1814 2210 Dissenius
1858 2168 2083 2223 palmarem
2123 2168 2286 2212 iudicat

147 2247 260 2274 esse:
290 2246 371 2274 nec
399 2234 568 2283 iniuria,
599 2236 789 2288 quamvis
818 2237 948 2290 graia
978 2248 1056 2289 pro
1081 2234 1216 2275 Samia
1246 2234 1315 2276 vel
1334 2235 1554 2277 Parthenia
1586 2237 1769 2290 positum
1798 2237 1978 2287 mireris,
2007 2251 2099 2282 cum
2126 2239 2289 2294 graiae

147 2299 256 2342 aliae
284 2314 459 2356 quoque
486 2300 676 2355 Sibyllae
704 2301 884 2342 fuerint:
912 2301 1190 2343 felicissimam
1214 2309 1349 2344 tamen
1382 2303 1489 2344 hanc
1513 2305 1794 2344 coniecturam
1828 2317 1939 2353 esse,
1970 2303 2152 2344 fatearis:
2181 2316 2285 2345 nun

145 2381 380 2423 germanam
412 2367 479 2409 illa
510 2370 755 2423 scripturam
777 2369 1031 2419 reddiderit,
1063 2372 1155 2425 quis
1186 2385 1265 2425 pro
1288 2378 1405 2411 certo
1437 2370 1642 2412 affirmet?
1670 2372 1871 2412 Rationes
1902 2379 2015 2413 certe
2042 2371 2095 2412 ab
2117 2371 2284 2413 Husch-

143 2434 219 2476 kio
258 2441 301 2476 et
331 2435 534 2476 Dissenio
574 2435 627 2477 ad
658 2435 923 2477 evertendam
962 2439 1210 2492 scripturam
1250 2437 1429 2481 Phoebo
1466 2438 1614 2479 allatae
1649 2440 1794 2479 mirum
1837 2446 2038 2494 quantum
2075 2438 2282 2480 vacillant.

144 2502 254 2544 Nam
285 2502 402 2558 quod
428 2501 583 2558 paullo
615 2509 720 2544 ante
748 2507 968 2545 vocativus
997 2504 1174 2546 Phoebe
1205 2509 1368 2562 positus
1399 2509 1471 2556 sit,
1501 2506 1545 2548 id
1580 2506 1793 2562 equidem,
1825 2522 1917 2548 cum
1949 2507 2051 2548 haec
2079 2514 2280 2562 tanquam

145 2569 310 2611 disiecti
345 2577 496 2624 poetae
531 2569 716 2611 membra
749 2573 855 2621 sint,
902 2571 1026 2613 flocci
1063 2572 1301 2615 habendum
1341 2574 1463 2615 duco.
1522 2575 1614 2615 Nec
1650 2576 1776 2630 magis
1816 2575 1914 2615 mihi
1950 2575 2132 2615 Dissenii
2169 2576 2281 2617 ratio

143 2636 365 2694 probatur.
425 2637 464 2678 Is
504 2639 613 2678 enim
653 2639 870 2694 epitheton
907 2638 1086 2681 Phoebo
1127 2647 1264 2697 grata
1303 2649 1528 2697 propterea
1569 2643 1728 2691 reiicit,
1775 2640 1891 2696 quod
1935 2647 2064 2696 poeta
2106 2643 2282 2683 istarum

145 2703 406 2760 Sibyllarum
443 2706 764 2746 vaticinationes
805 2705 1034 2747 detestatus
1076 2708 1138 2747 sit.
1196 2709 1252 2749 At
1287 2723 1393 2750 vero
1436 2722 1518 2749 nec
1558 2708 1782 2749 verisimile
1821 2714 1910 2757 est,
1956 2708 2056 2748 istas
2093 2707 2280 2764 sibyllas

143 2770 262 2815 nulla
287 2773 369 2814 nisi
397 2774 564 2813 sinistra
597 2771 761 2827 populo
799 2787 975 2814 romano
1012 2773 1183 2814 oracula
1212 2775 1392 2817 edidisse
1426 2783 1466 2817 et
1497 2778 1537 2817 sir
1559 2777 1818 2818 concesseris
1836 2807 1846 2825 ,
1882 2782 2050 2830 poetam
2081 2777 2285 2830 expositis

143 2824 345 2895 principis
375 2838 566 2894 Sibyllae
596 2839 796 2891 oraculis,
826 2840 948 2881 laetis
979 2848 1106 2896 atque
1138 2841 1284 2883 faustis
1314 2844 1473 2883 nomini
1503 2857 1701 2893 romano,
1732 2841 1822 2883 dira
1850 2857 1898 2882 ac
1925 2843 2057 2883 tristia
2081 2844 2280 2884 vaticinia

142 2906 320 2948 aliarum
354 2906 614 2963 Sibyllarum
652 2921 1027 2958 commemorasse,
1073 2916 1239 2959 tamen,
1284 2911 1509 2964 quominus
1549 2916 1666 2961 vates
1703 2907 1882 2950 Phoebo
1923 2915 2059 2965 grata
2097 2909 2277 2960 dicatur,

143 2973 250 3015 nihil
289 2976 393 3026 erit,
438 2974 558 3030 quod
599 2974 812 3031 impediat.
868 2976 1068 3031 Namque
1103 2977 1156 3018 ad
1195 2985 1389 3018 eventum
1428 2977 1531 3018 haec
1566 2979 1655 3032 ipsa
1687 2978 1882 3017 vaticinia
1922 2976 2128 3031 perducta
2164 2991 2287 3028 esse,
