2462 3112
1160 105 1309 146 xm

150 237 340 276 extremo
361 230 547 273 minine
567 227 790 284 leguntur:
822 225 996 269 Ludite!
1027 227 1109 268 iam
1132 225 1236 268 Nox
1256 225 1393 280 iungit
1416 237 1572 280 equos,
1600 237 1860 280 currumque
1882 228 1961 264 cet.
1981 246 2030 253 —
2053 223 2149 264 v.'9.
2176 221 2334 264 Omnia

149 301 450 356 sint-operula
472 295 571 340 deo.
605 295 730 340 ‘Cum
759 301 890 352 poeta
910 293 1127 336 Bacchum
1148 292 1282 336 modo
1307 299 1348 335 et
1371 291 1576 336 Cererem
1607 292 1892 342 invocaverit,
1924 290 2023 332 licet
2051 291 2214 341 mirari,
2245 290 2331 332 hoc

152 367 253 411 loco
271 365 370 410 deo
399 366 587 422 potitum
619 377 724 406 esse.
763 363 992 405 Dissenius
1023 361 1151 405 docet
1181 361 1226 404 id
1257 361 1413 403 factum
1435 373 1551 411 esse,
1583 358 1703 415 quod
1724 358 1948 416 singularis
1968 372 2174 400 numerus
2200 359 2333 400 inter-

149 433 252 478 dum
269 433 441 490 gruvior
459 433 514 474 sit
536 437 579 473 et
597 429 957 487 magnificentior,
987 443 1113 486 quam
1141 428 1332 486 pluralis.
1373 427 1561 470 At³haec
1580 429 1691 469 ratio
1722 426 1854 470 dubia
1885 434 1950 469 est
1980 434 2023 469 et
2048 440 2179 482 saepe
2200 427 2328 468 etiam

149 499 308 545 fall-x:
350 498 505 543 melius
545 501 675 556 igitur
701 498 931 555 Heynius,
973 499 1047 555 qui
1085 496 1170 540 deo
1207 495 1433 539 indefinite
1471 509 1553 552 pro
1591 496 1760 538 numini
1796 494 1945 538 divino
1985 494 2143 538 dictum
2185 500 2335 536 monet

150 567 303 625 Quid?
325 566 419 611 diis
438 600 451 618 ,
485 565 606 624 quod
640 564 832 622 Vulpius
872 564 1003 607 scribi
1032 565 1171 607 voluit
1189 597 1199 615 ‚
1230 578 1285 606 ne
1313 565 1457 620 potuit
1486 562 1661 619 quidem
1680 566 1824 620 poni:
1857 577 1954 605 nam
1987 576 2078 606 non
2109 560 2331 613 omnibus,

151 635 229 679 sed
254 635 319 679 his
338 637 441 693 ipsis
461 635 548 686 dis,
579 633 734 678 Cereri
755 641 798 676 et
815 633 1010 686 Baccho,
1037 632 1239 675 Tibullus
1262 646 1379 674 saera
1394 631 1595 674 tacturus
1615 639 1717 674 erat.
1749 633 1883 688 Atqui
1911 633 2041 674 totius
2061 631 2147 674 loci
2166 645 2329 672 summa

152 717 207 747 eo
236 710 426 762 spectat,
457 710 506 746 ut
535 703 730 745 homines
760 701 816 744 ab
848 703 963 744 omni
992 702 1166 758 negotio
1197 707 1446 742 avocentur.
1506 699 1619 742 Satis
1651 714 1754 756 ergo
1787 706 1877 742 erat
1907 699 2063 742 dixisse
2094 697 2207 749 deo,
2238 711 2328 755 quo

151 774 329 816 nomine
361 786 456 814 cum
485 785 559 814 res
589 769 739 813 divina
769 769 1051 826 significetur,
1084 768 1128 811 id
1160 770 1298 825 ipsum
1331 770 1457 826 operi
1486 770 1737 825 opponitur.
1765 792 1814 798 —
1849 782 1886 809 v.
1918 768 1983 810 ll.
2026 766 2125 810 Vos
2154 780 2331 824 quoque

151 839 306 884 abesse
332 838 496 898 procul
523 838 677 890 iubeo,
708 836 910 882 discedat
936 837 990 880 ab
1021 839 1134 887 aris,
1165 839 1236 880 cui
1266 836 1370 879 tulit
1399 843 1477 878 cet.
1537 837 1669 878 Varia
1701 837 1910 892 scriptura
1945 843 2008 878 est
2043 834 2258 878 discedite
2287 840 2331 878 et

153 906 402 958 discedere3
431 909 528 965 quis
549 909 744 965 (queis),
774 907 846 950 cui
863 907 1029 964 (quoi).
1073 903 1300 950 Discedite
1319 905 1541 957 Muretus,
1575 905 1796 960 Heynius,
1828 903 2095 952 Huschkius3
2127 901 2331 946 discedat

155 975 471 1026 Lachmannus,
500 974 749 1026 Dissenius‚
781 973 1007 1030 Gruppius
1032 973 1258 1016 dederunt.
1298 973 1496 1016 Potuisse
1521 971 1735 1015 discedite
1756 980 1829 1015 aut
1857 970 2109 1023 discedere,
2138 974 2234 1029 quis
2256 970 2331 1013 vel

154 1046 226 1087 cui
252 1042 410 1092 scribi,
442 1056 570 1085 nemo
601 1048 758 1099 neget:
788 1041 866 1084 sed
891 1041 1030 1084 multo
1059 1047 1123 1084 est
1155 1039 1429 1098 probabilius
1449 1073 1459 1091 ,
1487 1042 1690 1096 scriptum
1723 1054 1817 1083 esse
1851 1055 1873 1082 a
1905 1039 2085 1082 Tibullo
2116 1037 2330 1082 discedat.

154 1111 276 1154 Haec
306 1109 500 1167 enallage
526 1111 692 1152 numeri
721 1117 819 1152 nata
851 1117 914 1152 est
938 1124 1033 1152 cum
1058 1107 1270 1151 brevitate
1299 1107 1528 1164 loquendi,
1559 1116 1646 1150 tum
1672 1122 1801 1150 sensu
1826 1106 2014 1165 quodam
2040 1108 2331 1157 humanitatis,

155 1193 244 1236 quo
268 1178 388 1222 ducti
410 1185 596 1229 veteres,
627 1177 833 1235 quicquid
859 1184 951 1220 erat
972 1179 1060 1220 vitii
1081 1179 1124 1220 in
1155 1179 1226 1228 iis,
1256 1178 1330 1233 qui
1354 1179 1457 1234 ipsis
1483 1191 1610 1219 curae
1634 1184 1796 1227 essent,
1826 1175 2124 1219 sublevabant.
2180 1176 2331 1231 Itaque

153 1254 284 1305 poeta
309 1246 501 1290 dicturus
525 1244 653 1288 iubeo
676 1260 760 1289 vos
786 1245 951 1304 procul
979 1260 1100 1296 esse,
1131 1247 1206 1303 qui
1226 1245 1318 1287 tale
1347 1243 1455 1302 quid
1475 1247 1805 1296 commiseritis,
1835 1259 1890 1287 ne
1920 1245 2046 1287 huius
2075 1245 2331 1300 suspicionis

152 1314 251 1359 labe
270 1313 415 1373 plures
433 1321 506 1357 aut
522 1327 669 1357 omnes
687 1321 983 1371 aspergantur,
1009 1328 1127 1370 spem
1148 1315 1407 1370 interponit,
1435 1315 1652 1356 neminem
1674 1313 1788 1366 fore,
1820 1316 1894 1370 qui
1915 1312 2078 1369 aliquid
2099 1312 2332 1354 admiserit:

152 1390 370 1427 tum-vero
391 1382 610 1440 religionis
637 1397 786 1424 caussa
809 1381 947 1425 addit:
977 1385 1043 1425 sin
1068 1384 1163 1439 quis
1186 1384 1284 1434 erit,
1314 1382 1519 1425 discedat.
1561 1382 1680 1424 Haec
1707 1395 1788 1437 ego
1815 1380 2091 1438 explicandae
2114 1382 2175 1423 rei
2198 1382 2332 1436 gratia

152 1451 352 1510 pluribus
383 1452 584 1508 exposui:
615 1458 746 1507 poeta
774 1449 912 1493 multo
939 1449 1116 1492 brevius
1147 1449 1260 1492 dixit.
1282 1473 1336 1482 --
1367 1465 1406 1491 v.
1430 1450 1496 1492 14.
1533 1449 1858 1492 Broukhusium
1875 1483 1884 1500 ,
1914 1451 1983 1491 eui
2012 1448 2174 1505 placuit
2201 1447 2332 1490 scribi

151 1522 255 1579 puri
271 1519 450 1574 fontis,
489 1519 691 1575 Heyuius
722 1518 833 1561 facili
863 1521 1037 1576 negotio
1068 1518 1315 1575 repulsavit.
1348 1543 1400 1552 -
1436 1533 1475 1559 v.
1506 1517 1571 1560 18.
1611 1517 1859 1560 Huschkius
1890 1525 1937 1560 ut
1977 1517 2182 1568 doceret,
2223 1516 2331 1559 deos

153 1602 414 1632 averruneos
441 1587 526 1629 diei
554 1586 724 1645 pellere
753 1594 825 1629 aut
855 1586 1103 1644 depellere,
1133 1587 1417 1630 non‘tollere
1444 1586 1584 1637 mala,
1617 1585 1870 1629 eruditionis
1902 1588 2048 1643 copias
2079 1585 2331 1642 depromsit:

155 1655 313 1714 quibus
342 1655 524 1697 fruimur
553 1669 604 1696 ac
632 1654 864 1711 gaudemus
882 1687 892 1706 ,
930 1655 1007 1698 sed
1038 1669 1224 1711 quorsus
1262 1670 1332 1698 eas
1362 1655 1585 1712 profudit?
1644 1655 1817 1710 Nempe
1847 1661 1893 1696 ut
1922 1656 2173 1710 scripturam
2202 1655 2331 1696 unius

155 1723 256 1767 libri
279 1723 426 1766 tollite
447 1722 735 1774 convelleret,
766 1737 878 1779 quae
907 1738 1011 1766 sane
1032 1731 1113 1766 tam
1144 1726 1291 1780 inepta
1314 1731 1396 1775 est,
1424 1731 1470 1766 ut
1498 1737 1554 1764 ne
1585 1722 1975 1779 imprudentissimo
1999 1721 2171 1778 quidem
2196 1724 2334 1778 possit

156 1790 346 1849 probari.
378 1790 494 1833 Fieri
517 1791 629 1832 enim
658 1796 773 1832 certe
802 1793 975 1847 nequit,
1006 1798 1054 1833 ut
1084 1791 1188 1847 quid
1221 1791 1274 1833 de
1303 1790 1423 1842 loco,
1454 1793 1498 1834 in
1522 1806 1611 1848 quo
1633 1805 1722 1833 non
1747 1798 1961 1833 versatum
1991 1790 2121 1833 fuerit
2152 1805 2332 1847 quemve

156 1873 246 1903 non
276 1865 447 1910 teneat,
476 1857 665 1900 tollatur.
710 1859 842 1915 Atqui
872 1861 942 1902 isti
972 1859 1164 1901 homines
1195 1867 1428 1916 precantur
1447 1893 1457 1912 ,
1487 1873 1544 1901 ne
1575 1874 1622 1901 se
1653 1874 1840 1915 suasque
1870 1874 1938 1901 res
1969 1859 2203 1915 quidquam
2234 1858 2334 1901 mali

158 1926 342 1991 invadat.
368 1949 422 1960 -
456 1940 496 1967 v.
519 1926 587 1967 19.
621 1925 826 1980 fallaces
864 1925 1027 1968 herbas
1056 1940 1277 1983 compares
1304 1942 1398 1969 cum
1419 1928 1592 1985 Virgilii
1617 1930 1744 1971 vanis
1769 1930 1916 1971 aristis
1947 1928 2138 1984 (Georg.
2169 1929 2199 1969 I.
2229 1930 2332 1982 111)

158 2002 232 2038 aut
260 1995 430 2038 Horatii
449 1992 607 2047 fundo
640 1991 855 2037 mendace
885 1993 966 2046 (C.
993 1995 1066 2042 m.
1095 1995 1141 2046 l,
1175 1995 1284 2047 30.):
1316 1995 1384 2037 hic
1406 2010 1504 2053 spes
1533 1998 1710 2039 aratoris
1743 2011 1834 2039 non
1866 1995 2029 2052 explet:
2060 1996 2158 2038 illae
2188 1999 2332 2053 specie

158 2064 274 2106 inani
305 2062 666 2118 exspectationem
697 2074 935 2103 messorum
966 2060 1164 2104 illudunt.
1225 2063 1272 2104 In
1302 2077 1431 2106 versu
1466 2067 1661 2122 sequenti
1691 2065 2052 2107 Wunderlichius
2087 2063 2333 2108 tardiorem

158 2144 326 2190 agnam
357 2131 415 2172 ait
443 2127 766 2171 imbecilliorem
806 2143 898 2171 esse
930 2131 1080 2172 ceteris
1111 2131 1202 2172 sive
1235 2146 1346 2187 quae
1377 2139 1541 2175 ceteras
1573 2131 1794 2175 celeritate
1823 2147 1912 2175 non
1944 2134 2204 2189 aequiparet.
2264 2133 2334 2174 In-

157 2197 316 2255 telligo.
357 2211 460 2242 nam
497 2198 533 2239 si
572 2210 628 2239 ne
666 2196 844 2239 tardiori
882 2196 1055 2253 quidem
1096 2212 1229 2254 agnae
1266 2198 1394 2256 lupus
1434 2201 1647 2243 timendus
1683 2203 1792 2252 erit,
1830 2200 1962 2243 multo
1999 2204 2138 2243 minus
2178 2203 2333 2243 ceteris

156 2265 345 2310 nocebit.
384 2278 486 2322 ergo
517 2271 633 2307 totus
663 2279 761 2321 grex
791 2280 815 2307 a
845 2268 1086 2309 vastatione
1117 2266 1318 2323 luporum
1348 2267 1462 2311 liber
1492 2284 1541 2311 ac
1570 2276 1687 2312 tutus
1719 2271 1810 2311 erit.
1868 2269 1985 2311 Idem
2025 2272 2153 2311 sentit
2184 2270 2334 2311 Disse-

155 2336 266 2377 nius.
322 2333 417 2390 Ego
446 2331 623 2388 intelligi
651 2332 791 2375 malim
823 2347 990 2390 agnam,
1022 2349 1133 2391 quae
1161 2337 1335 2378 intenta
1367 2339 1547 2393 pascuis
1576 2325 1740 2380 tardius
1770 2352 1937 2393 gregem
1969 2345 2112 2379 secuta
2143 2339 2196 2379 sit
2227 2337 2332 2388 (das

158 2401 247 2445 sich
276 2406 495 2456 versptitet
524 2400 640 2452 hat):
672 2407 763 2452 aut,
792 2403 828 2443 si
859 2417 982 2461 agna
1012 2404 1055 2444 vi
1084 2402 1309 2445 collectiva
1339 2403 1498 2447 dictum
1530 2413 1609 2455 est,
1641 2404 1892 2447 attributum
1923 2405 2100 2448 tardior
2130 2405 2336 2448 celeritati

157 2468 359 2526 luporum
389 2470 635 2526 oppositum
660 2476 788 2526 pute,
818 2471 877 2513 ita
903 2477 951 2512 ut
974 2478 1116 2522 sonet,
1146 2470 1332 2523 tardior,
1363 2487 1488 2529 quam
1506 2487 1617 2528 quae
1643 2475 1901 2515 insectantes
1925 2473 2052 2529 lupos
2072 2475 2206 2529 possit
2226 2473 2334 2515 esl'u-

160 2550 272 2594 gere.
302 2537 443 2580 Etiam
457 2536 573 2593 apud
589 2537 832 2580 Phaedrum
850 2537 935 2581 fab.
953 2539 984 2582 1.
1003 2539 1070 2581 16.
1090 2554 1130 2583 V.
1153 2540 1190 2582 7.
1209 2542 1301 2582 ovis
1320 2555 1366 2582 se
1386 2541 1548 2583 tardam
1566 2540 1721 2584 fatetur
1738 2555 1844 2584 esse.
1874 2542 1944 2583 De
1965 2556 2011 2583 re
2030 2541 2181 2583 confer
2201 2540 2332 2584 Ovid.

160 2604 251 2646 Art.
279 2619 357 2646 am.
374 2605 407 2647 1.
430 2605 551 2647 118.:
581 2612 630 2647 ut
658 2605 764 2661 fugit
790 2608 952 2649 invisos
981 2622 1086 2664 agna
1117 2607 1292 2650 novella
1322 2607 1462 2665 lupos.
1494 2610 1645 2652 Horat.
1668 2609 1719 2652 C.
1751 2610 1782 2651 Ι.
1814 2610 1886 2659 17,
1919 2609 1985 2651 18.
2016 2623 2096 2651 nec
2125 2616 2332 2652 metuunt.

160 2671 380 2715 Martiales
408 2671 646 2715 haeduleae
676 2673 817 2731 lupos.
866 2674 1087 2731 Scriptura
1115 2679 1304 2735 segnior
1332 2679 1477 2733 inepta
1508 2685 1589 2720 est:
1627 2692 1722 2719 nam
1754 2678 1906 2719 animal
1936 2685 2089 2719 natura
2119 2676 2334 2720 infirmum

161 2752 211 2780 ac
238 2738 442 2795 pavidum
470 2742 546 2796 qui
570 2743 706 2797 possit
732 2756 874 2801 segne
901 2745 1075 2786 vocari?
1101 2767 1155 2775 —
1182 2759 1222 2786 v.
1252 2744 1321 2786 21.
1355 2744 1500 2802 plenis
1529 2747 1655 2804 agris
1685 2745 1757 2787 alii
1787 2745 2108 2801 explicaverunt
2136 2751 2334 2789 semente

149 2803 292 2859 sacta
314 2807 442 2862 quasi
462 2806 680 2864 gravidis:
711 2808 784 2851 alii
813 2809 919 2852 baec
947 2825 1066 2852 saera
1097 2818 1197 2867 post
1225 2825 1406 2854 messem
1434 2811 1651 2856 celebrata
1681 2815 1760 2855 rati
1791 2828 1870 2869 pro
1902 2815 2026 2871 agris
2057 2814 2336 2857 coniecerunt

163 2876 309 2925 areis,
338 2880 385 2916 ut
414 2872 628 2931 Scaliger,
670 2883 744 2919 aut
771 2875 977 2929 horreis,
1021 2886 1068 2921 ut
1098 2880 1302 2921 Heinsius
1334 2888 1377 2923 et
1409 2880 1606 2923 Guietus.
1667 2881 1757 2922 Has
1796 2884 2065 2923 coniecturas
2097 2881 2332 2937 utpote-ab

163 2940 463 2999 elegantissimi
492 2944 688 2986 carminis
716 2947 903 2988 numeris
928 2960 1107 3002 prorsus
1136 2946 1296 2990 alienas
1327 2957 1543 2992 aversatus
1573 2949 1773 3005 Heynius
1803 2949 1935 2992 modo
1967 2963 2148 2991 messem
2179 2949 2332 2992 factam
