2462 3112
149 522 183 546 ¹¹·
206 532 210 539 -
232 510 328 552 Lm.
358 506 410 550 11.
439 507 491 551 C.
515 507 588 548 lv,
618 521 656 548 V.
677 506 715 548 5.
753 520 833 548 seu
859 503 967 562 quid
994 506 1134 546 merui
1161 519 1240 546 seu
1269 502 1378 560 quid
1403 504 1702 560 peccavimus,
1733 504 1835 545 urit.
1873 503 2074 546 Heinsius
2106 506 2308 561 scriptum

145 576 390 621 voluit'eeu
419 575 484 618 nil
510 577 801 633 peccavimus.
864 573 1000 614 Etiam
1034 571 1137 615 Chr.
1167 571 1413 613 Bunsenius
1452 573 1663 613 coniecit:
1704 571 1832 613 Eheu
1872 571 1976 628 quid
2013 575 2180 614 merui?
2224 574 2310 616 heu

146 644 250 703 qnid
271 644 569 702 peccavimus?
597 645 693 684 urit.
733 642 878 697 Atque
909 648 974 682 est
1002 642 1047 682 in
1070 639 1165 682 cod.
1187 638 1440 682 vindobon.
1470 641 1576 691 beu,
1606 639 1693 682 heu
1716 639 1820 696 quid
1847 642 1996 682 merui.
2026 640 2152 693 (vid.
2175 641 2312 683 Lach-

143 727 284 756 mann.
314 712 368 754 ad
398 712 595 768 Propert.
627 711 686 759 11,
718 711 762 760 7,
788 711 862 762 6.).
895 710 993 750 lure
1021 715 1161 750 tamen
1192 708 1398 750 videntur
1428 709 1645 765 Heynius‚
1675 707 1886 759 Huschk„
1915 708 2105 760 Lachm.‚
2134 709 2310 752 Dissen.

146 797 197 825 ac
222 782 446 838 Gruppius
475 779 686 835 vulgatam
717 781 838 820 tueri.
882 777 1103 819 Disserunt
1132 777 1241 817 enim
1273 778 1416 818 merui
1445 784 1486 818 et
1513 778 1712 833 peccavi:
1743 779 1787 818 in
1809 779 1966 819 merito
1999 785 2064 819 est
2091 777 2232 834 culpa,
2262 780 2309 820 in

142 857 332 909 peccato
352 863 490 892 error.
521 850 694 902 Terent.
717 847 849 890 Andr.
882 848 920 897 l,
953 847 997 897 l,
1029 845 1112 886 112
1142 844 1247 900 quid
1279 846 1512 885 commerui
1533 851 1607 886 aut
1633 847 1835 900 peccavi?
1868 844 1998 886 Ovid.
2024 845 2198 887 Metam.
2221 846 2306 897 111,

147 919 243 963 142.
276 918 409 974 Quod
433 917 572 959 scelus
601 931 723 958 error
750 915 903 958 habet?
932 914 1109 958 Confer.
1136 915 1258 954 etiam
1288 911 1420 954 Ovid.
1450 913 1578 955 Trist.
1609 913 1648 964 l,
1678 912 1725 963 2,
1755 912 1822 954 95.
1854 913 1913 964 11,
1946 913 1988 963 l,
2019 913 2115 955 207.
2155 914 2307 969 Itaque

146 995 328 1032 :lowest
350 1021 361 1039 ‚
403 1002 479 1030 cur
508 1002 532 1029 a
562 986 732 1042 vulgata
767 985 1044 1027 discedamus.
1078 1007 1131 1014 —-
1169 982 1292 1024 Uror
1321 983 1386 1023 io:
1427 994 1617 1023 remove.
1677 980 1798 1022 Itane
1834 982 1888 1022 sit
1921 981 2309 1037 interpungendum

146 1071 201 1100 an
226 1052 361 1100 uror:
386 1058 449 1107 io,
481 1070 680 1105 remove,
711 1054 867 1097 dubius
896 1068 1000 1095 sum.
1048 1050 1180 1093 Ovid.
1212 1048 1397 1090 Heroid.
1426 1049 1488 1100 V,
1519 1048 1627 1090 118:
1661 1047 1792 1090 Graia
1822 1051 2000 1090 iuvenca
2031 1051 2166 1099 venit,
2197 1063 2310 1105 quae

147 1134 191 1169 te
221 1123 483 1182 patriamqne
517 1124 778 1179 domumque
809 1121 993 1178 perdat:
1030 1122 1103 1170 io,
1143 1116 1336 1174 prohibe.
1396 1117 1474 1159 Est
1501 1124 1639 1159 autem
1676 1119 1720 1159 io
1754 1116 2002 1159 exclamatio
2042 1125 2083 1159 et
2121 1132 2309 1160 summae

146 1191 330 1237 laetitiae
357 1200 399 1235 et
428 1194 589 1235 maximi
622 1191 797 1233 doloris.
844 1188 1031 1231 Serviles
1062 1189 1273 1228 cruciatus
1306 1193 1479 1241 poetam
1504 1184 1558 1227 ad
1589 1185 1784 1236 dolores,
1815 1185 1972 1242 quibus
2003 1188 2183 1228 animum
2215 1187 2307 1227 eius

146 1263 318 1306 avaritia
347 1261 522 1319 puellae
545 1259 755 1310 afficeret,
786 1256 1073 1306 transtulisse,
1104 1262 1219 1296 recte
1241 1255 1406 1295 monuit
1427 1254 1637 1309 Heynius.
1664 1278 1705 1284 -
1744 1268 1782 1295 v,
1809 1255 1845 1296 7.
1881 1253 1917 1296 Ο
1939 1268 2026 1312 ego
2057 1270 2113 1296 ne
2139 1256 2309 1311 possim

145 1330 260 1374 tales
287 1332 454 1372 sentire
483 1328 686 1378 dolores,
717 1342 850 1384 quam
871 1325 1048 1367 mallem
1073 1325 1118 1365 in
1150 1320 1310 1380 gelidis
1331 1321 1554 1364 montibus
1575 1336 1671 1363 esse
1692 1321 1818 1379 lapis.
1848 1321 2067 1377 Explicata
2096 1324 2308 1364 sententia

145 1406 344 1456 apparet,
381 1413 493 1454 quae
526 1405 768 1452 temporum
799 1396 908 1436 ratio
942 1396 1015 1436 sit:
1046 1399 1143 1434 nata
1175 1397 1239 1432 est
1269 1389 1478 1432 brevitate
1508 1389 1701 1431 dicendi:
1737 1388 1792 1431 de
1824 1404 1910 1445 qua
1939 1404 1985 1432 re
2017 1389 2194 1431 diximus
2221 1389 2307 1432 aiio

143 1467 256 1510 loco.
312 1465 578 1522 intelligendi
609 1463 838 1506 difficultas
868 1469 932 1505 est
960 1461 1089 1504 nulla.
1139 1461 1202 1502 Ut
1231 1458 1346 1514 apud
1376 1459 1602 1500 Horatium
1630 1457 1711 1510 (C.
1744 1459 1788 1509 1,
1815 1458 1894 1508 21,
1921 1459 1960 1499 6.
1993 1458 2065 1508 12,
2095 1459 2155 1510 6.)
2191 1457 2309 1514 Algi-

146 1536 297 1580 dus-et
327 1536 543 1583 Haemus,
580 1536 641 1575 sic
671 1533 754 1575 hoc
783 1532 881 1574 loco
911 1538 1076 1573 montes
1107 1527 1246 1588 gelidi
1279 1528 1505 1570 dicuntur:
1547 1530 1732 1570 suavitas
1770 1528 1857 1570 loci
1887 1536 1951 1570 est
1990 1530 2034 1570 in
2075 1530 2307 1584 oppositis:

144 1602 258 1660 lapis
285 1603 427 1654 (conf.
459 1601 558 1644 Tib.
589 1602 628 1651 Ι,
666 1602 739 1652 10,
781 1603 864 1652 59)
894 1596 1046 1641 sensus
1078 1612 1230 1654 expers
1261 1600 1497 1653 opponitur
1524 1596 1661 1640 verbo
1691 1600 1879 1646 semim,-
1899 1597 2061 1655 frigus
2089 1612 2169 1639 seu
2198 1596 2307 1654 gelu

142 1673 359 1714 montium
388 1670 565 1713 facibus.
595 1695 649 1703 --
680 1685 717 1711 v.
749 1670 814 1711 12.
859 1668 1014 1711 Omnia
1045 1682 1149 1709 nam
1178 1668 1295 1709 tristi
1325 1672 1527 1722 tempora
1548 1665 1670 1719 felle
1699 1665 1894 1708 madent.
1921 1666 2043 1719 felle
2071 1664 2255 1707 madent
2280 1666 2309 1706 i.

145 1755 183 1784 e.
213 1752 353 1782 amara
382 1740 452 1781 vel
481 1738 634 1781 acerba
665 1745 764 1780 sunt
795 1736 921 1789 (vide
951 1738 1192 1792 Interprett.
1223 1734 1277 1776 ad
1306 1735 1345 1776 h.
1370 1734 1426 1786 1.).
1461 1735 1610 1791 ltaque
1641 1749 1752 1791 quae
1780 1738 1985 1792 temporis
2016 1737 2149 1791 spatia
2180 1735 2309 1776 hexa-

143 1815 283 1850 metro
314 1807 531 1857 distincte,
563 1807 711 1850 eadem
739 1813 1008 1865 pentametro
1038 1806 1236 1846 universe
1267 1803 1470 1845 dicuntur
1498 1803 1638 1856 (conf.
1667 1805 1769 1846 Hor.
1792 1804 1850 1855 11,
1881 1805 1929 1855 9,
1963 1804 2016 1845 10
2036 1806 2187 1859 seqq.).
2230 1803 2308 1845 Est

144 1878 273 1932 igitur
299 1875 594 1925 manifestum,
630 1889 735 1916 nam
774 1889 862 1916 non
901 1873 1133 1915 caussalem
1172 1886 1265 1914 esse
1294 1871 1543 1927 particulam
1565 1905 1576 1923 ‚
1615 1872 1693 1914 sed
1731 1874 1815 1914 vim
1854 1871 2015 1914 habere
2054 1871 2308 1928 explicandi.

144 1946 222 1988 Est
251 1943 422 2001 quidem
452 1942 654 1985 Italorum
685 1945 929 1984 coniectura
960 1944 1048 1983 iam
1069 1939 1194 1982 valde
1224 1940 1485 1996 probabilis,
1516 1944 1762 1997 praesertim
1794 1957 1888 1984 cum
1912 1957 2037 1998 supra
2061 1955 2156 1983 nox
2181 1943 2309 1983 etiam

143 2015 373 2065 amarior,
410 2027 535 2069 quam
575 2011 669 2054 dies
706 2011 898 2058 dicatur:
936 2025 1016 2052 nec
1056 2017 1194 2052 tamen
1226 2017 1456 2066 propterea
1496 2010 1754 2054 deserenda·
1778 2019 1841 2053 est
1879 2014 2087 2053 continuo
2126 2013 2308 2066 scriptu-

142 2097 191 2125 ra
219 2082 400 2138 vulgata.
435 2080 585 2124 Paullo
617 2080 739 2122 aliter
769 2078 897 2121 Ovid.
930 2077 1108 2120 Heroid.
1140 2079 1259 2133 epist.
1293 2078 1365 2129 12,
1399 2079 1501 2119 169;
1533 2093 1622 2121 non
1652 2079 1751 2120 mihi
1781 2086 1895 2135 grata
1926 2078 2036 2129 dies,
2066 2085 2216 2120 noctes
2243 2079 2308 2118 vi·-

144 2150 328 2208 gilantur
355 2164 534 2192 amarae.
566 2174 618 2183 —
658 2165 697 2190 v,
731 2150 795 2190 15,
852 2149 898 2189 In
940 2146 1159 2189 nonnuliis
1184 2145 1318 2187 ·libris
1353 2161 1433 2202 pro
1468 2162 1562 2189 non
1601 2149 1815 2203 reperitur
1852 2147 1926 2189 nil.
1989 2148 2043 2189 At
2078 2146 2185 2188 iliud
2218 2159 2309 2187 non

143 2221 281 2262 minus
311 2221 562 2262 auctoritate
584 2217 797 2260 bonorum
824 2215 1053 2266 librorum,
1085 2230 1211 2271 qnam
1234 2216 1398 2256 aurium
1418 2215 1581 2257 iudicio
1603 2215 1823 2272 probatur.
1854 2215 2052 2266 Accedit,
2084 2214 2203 2271 quod
2222 2214 2308 2255 hoc

143 2287 243 2330 loco
272 2301 362 2330 non
392 2295 474 2329 tam
498 2289 732 2343 requiritur
759 2287 802 2327 in
834 2286 990 2334 nichts‚
1021 2287 1064 2326 in
1094 2283 1264 2325 keinem
1293 2283 1472 2335 stactae,
1504 2299 1628 2340 quam
1661 2284 1803 2335 nicht,
1833 2286 1952 2326 cuius
1982 2283 2212 2340 particulae
2242 2285 2308 2324 vis
2331 2287 2341 2298 ²

144 2358 282 2400 omnis
322 2356 522 2398 refertur·
546 2356 600 2397 ad
631 2354 811 2396 verbum
840 2352 1097 2411 prodestis:
1135 2367 1228 2394 non
1255 2352 1483 2410 prodestis
1512 2361 1650 2395 autem
1681 2361 1806 2395 sonat
1835 2353 2012 2395 inutiles
2043 2352 2175 2408 idque
2207 2351 2310 2393 dicit

142 2431 283 2482 poeta.
305 2448 360 2456 —
398 2438 437 2465 v,
463 2424 530 2465 17.
567 2422 667 2465 Nec
698 2422 850 2476 refero
876 2422 1072 2478 solisque
1102 2423 1196 2463 vias
1224 2428 1268 2463 et
1298 2421 1443 2478 qualis
1473 2421 1546 2463 ubi
1575 2421 1728 2464 orbem
1756 2421 1992 2478 complevit
2020 2423 2160 2462 versis
2179 2421 2312 2462 Luna

145 2495 336 2535 recurrit
366 2493 499 2549 equis.
541 2492 742 2533 Heinsius
772 2490 873 2546 legit
897 2505 980 2532 nec
1010 2489 1172 2547 qualis:
1203 2504 1315 2545 quae
1346 2484 1588 2531 emendatio
1611 2492 1781 2531 minime
1812 2497 1875 2531 est
1904 2491 2152 2530 necessaria.
2197 2486 2313 2529 Sub-

145 2566 211 2602 est
239 2562 348 2602 enim
380 2561 609 2601 sententia:
640 2572 720 2600 nec
749 2558 892 2600 refero
924 2558 1112 2600 siderum
1144 2571 1296 2599 cursus
1327 2561 1735 2614 conversionesque.
1766 2564 1991 2614 poetarum
2011 2570 2132 2598 more
2156 2554 2313 2597 Tibul-

144 2626 214 2669 lus
257 2642 345 2670 rem
382 2643 463 2685 per
502 2629 861 2670 enumerationem
901 2629 1109 2683 partium,
1158 2625 1260 2667 solis
1301 2633 1342 2667 et
1380 2626 1535 2677 lunae,
1587 2626 1822 2669 adornavit.
1881 2627 2015 2668 Sicuti
2052 2638 2156 2666 vero
2194 2631 2311 2666 recte

144 2695 321 2739 dicitur:
350 2710 439 2738 non
469 2697 611 2739 refero
643 2710 792 2738 cursus
822 2695 924 2737 solis
957 2703 999 2738 et
1030 2695 1176 2745 lunae,
1207 2696 1268 2736 sic
1299 2702 1414 2736 recte
1446 2697 1569 2736 etiam
1599 2695 1758 2736 dictum
1790 2701 1852 2735 est
1881 2707 1963 2735 nec
1994 2691 2147 2745 refero
2180 2691 2312 2734 solis-

146 2778 234 2822 que
259 2766 355 2806 vias
384 2771 428 2806 et
461 2765 606 2821 qualis
635 2765 741 2806 luna
773 2770 854 2806 cet.
904 2763 1007 2805 Non
1035 2765 1166 2819 magis
1197 2761 1428 2804 tentandus
1460 2770 1522 2804 est
1551 2762 1807 2804 indicativus
1837 2762 2047 2803 recurrit:
2089 2773 2169 2815 pro
2197 2759 2312 2802 solis

145 2846 324 2875 cursum
356 2839 483 2888 poeta
512 2836 655 2888 posuit
685 2833 794 2874 solis
820 2834 936 2874 vias:
966 2845 1047 2887 pro
1078 2831 1213 2872 lunae
1244 2845 1423 2872 cursum
1458 2830 1562 2871 dixit
1591 2830 1732 2871 refero
1764 2829 1938 2874 lunam,
1970 2826 2105 2883 qualis
2134 2841 2191 2869 sc.
2223 2834 2310 2880 est,

143 2914 240 2942 cum
270 2899 378 2942 orbe
417 2914 497 2942 suo
528 2900 742 2956 completo
772 2902 906 2942 versis
947 2901 1066 2955 equis
1103 2900 1300 2940 recurrit.
1364 2897 1451 2940 Sed
1481 2898 1640 2939 confer.
1672 2899 1847 2938 omnino
1877 2896 2049 2938 Dissen.
2081 2902 2224 2938 annot.
2254 2895 2311 2939 ad

142 2969 182 3011 h.
212 2968 238 3011 l.
273 2993 324 3000 —
368 2968 512 3011 Altera
543 2971 750 3025 scriptura
789 2968 932 3025 qualis
974 2974 1021 3009 ut
1053 2981 1128 3009 cur
1155 2967 1315 3015 minus,
1358 2980 1485 3021 quam
1515 2964 1645 3007 altera
1680 2964 1825 3020 qualis
1860 2963 1934 3007 ubi
1969 2961 2196 3020 probanda
2233 2965 2310 3014 sit,

1768 3032 1790 3069 l
