2462 3112
1160 102 1332 146 'XXXV

164 227 307 270 cente
299 222 625 278 interpretatus
651 225 802 271 esset,
828 224 980 265 tamen
1002 217 1117 265 hane
1148 219 1291 274 ipsam.
1318 231 1464 261 vocem
1485 217 1743 261 coniectura
1771 218 1990 265 tentavit
2018 214 2160 263 scribi
2179 221 2332 266 autem

163 289 311 350 jabet:
326 290 470 335 Cum.
478 302 578 334 nec·
589 289 798 345 opinanti
823 284 1043 333 candidus
1077 285 1168 329 ille
1179 288 1310 332 venit.
1356 287 1501 328 Etiam
1521 284 1781 331 Huschkius
1803 285 1916 327 hunc
1952 284 2094 328 locum
2125 283 2332 342 deprava-

169 365 273 406 nm
290 363 425 415 putat.
450 356 669 414 Equidem
693 355 799 401 nibil
822 357 879 404 in
896 369 958 413 eo-
981 355 1070 401 vitii
1093 353 1375 410 deprehendi.
1403 353 1506 397 Nec
1538 355 1739 411 opinanti
1765 353 1991 410 signifieat,
2019 356 2217 398 iuvenem
2247 355 2332 402 iam

167 425 513 475 mladdnctum
536 425 694 476 fuisse,
731 431 995 472 ιιι-0011113111
1018 438 1139 480 spem
1175 422 1392 464 abiiceiet.
1445 421 1586 464 Forte
1622 427 1766 465 autem
1802 420 1916 464 valet
1941 421 2078 475 forte
2104 421 2330 475 fortuna:

167 508 384 555 »quaeum
408 495 522 541 ista·
533 494 691 545 fuerit,
724 507 811 551 nos
844 492 1023 549 quidem
1053 494 1314 547 ignoramus:
1344 489 1422 535 sed
1451 489 1558 546 quid
1584 489 1738 532 refert?
1776 489 1877 536 Nec
1905 503 2010 536 vero
2041 489 2134 533 dies
2164 489 2332 539 natalis

163 565 231 611 :ei-
238 564 493 620 dnopimtus
520 564 661 612 venit,
696 560 776 604 sed
813 561 1121 624 opportunitas
1153 561 1244 609 eius
1283 558 1371 603 diei
1402 559 1568 600 Romae
1598 556 1845 601 celebrandi
1878 559 2118 614 inopinanti
2142 558 2331 608 obvenit.

164 649 241 680 -ι-
260 630 314 679 C
343 633 396 677 X.
429 632 571 678 Breve
598 643 801 681 carmen,
828 628 917 675 sed
946 627 1002 674 ad
1033 627 1328 684 explicandum
1360 626 1570 670 difficile.
1609 641 1722 682 quae
1756 627 2068 683 interpretandi
2104 626 2333 676 difficultas

164 700 413 747 „sollertiam
434 702 626 746 virorum
662 698 890 750 doctorum
929 697 1087 739 elicuit.
1148 696 1369 753 Gruppius
1409 695 1647 752 exemplum
1685 695 1799 738 istud
1837 695 1940 738 dicit
1979 710 2071 738 esse
2105 695 2332 746 latinarum

169 769 394 817 literarum
422 784 566 813 rarum
596 767 813 824 quoddam
843 782 893 809 ac
920 780 1058 822 prope
1086 765 1317 821 singulare.
1351 764 1564 821 Equidem
1597 764 1813 815 concedo,
1842 763 1975 806 multa
2000 766 2044 806 in
2074 765 2158 807 hoc
2185 766 2335 813 carmi-

163 826 290 885 111101
307 852 467 895 genere
494 839 697 895 reperiri,
726 851 837 893 quae
864 838 948 878 sint
977 834 1203 877 obscurius
1236 833 1366 876 dicta:
1395 833 1504 875 illud
1535 841 1674 876 tamen
1703 832 1967 889 persuadere
1989 833 2090 875 mibi
2115 847 2205 876 non
2234 846 2335 889 pos-

167 922 286 958 sum,
316 906 529 964 puellam,
561 917 672 962 quae
702 905 780 948 bos
810 903 1032 947 codicillos
1059 906 1302 959 scripserit,
1332 902 1462 945 latine
1489 901 1704 945 scribendi
1734 903 2034 958 imperitiorem
2064 902 2206 944 fuisse.
2255 903 2336 944 At-

174 986 261 1034 que
288 978 334 1021 in
361 978 412 1018 iis
442 973 722 1025 carminibus,
752 988 865 1030 quae
890 972 1112 1029 Gruppius
1143 971 1198 1015 ab
1228 972 1308 1014 hac
1338 973 1427 1028 ipsa
1457 970 1602 1028 puella
1631 972 1787 1027 scripta
1815 969 1927 1020 vult,
1957 970 2165 1027 pleraque
2195 970 2332 1014 nitide

176 1052 222 1091 et
254 1044 471 1101 eleganter
498 1045 655 1099 scripta
685 1050 794 1086 sunt.
833 1041 922 1098 Qui
951 1041 1120 1085 tandem
1153 1042 1358 1083 existimes
1389 1040 1568 1082 eandem
1594 1039 1724 1082 latine
1753 1038 1967 1082 scribendi
1997 1042 2177 1096 peritam
2207 1048 2336 1097 atque

174 1115 410 1170 imperitam
439 1112 600 1157 fuisse?
636 1110 803 1155 Scribat
832 1110 954 1153 aliter
979 1112 1064 1162 vir,
1105 1110 1230 1152 aliter
1258 1109 1430 1152 mulier:
1467 1109 1648 1151 latinitas
1687 1115 1760 1151 aut
1797 1108 1946 1151 eadem
1988 1116 2051 1151 est
2089 1116 2162 1152 aut
2191 1109 2333 1151 nulla:

171 1196 298 1228 sexus
330 1181 386 1227 ad
413 1196 502 1228 eam
531 1180 637 1226 nihil
673 1182 869 1237 pertinet.
928 1178 1015 1220 Sed
1046 1179 1100 1221 de
1130 1180 1207 1220 hac
1236 1194 1283 1220 re
1315 1178 1446 1220 alias:
1482 1192 1598 1220 nunc
1627 1177 1680 1219 ad
1718 1179 1910 1220 carminis
1931 1178 2336 1234 ⁴interpretationem

175 1249 489 1308 aggrediamun
512 1274 568 1280 —
610 1250 801 1292 Gratum
830 1254 898 1291 est
936 1262 1030 1293 cum
1065 1247 1284 1290 stomacho
1323 1254 1366 1289 et
1404 1247 1603 1288 irrisione
1637 1245 1795 1288 dictum
1833 1260 1958 1297 esse,
1997 1260 2146 1290 omues
2167 1279 2178 1298 ,
2215 1245 2336 1302 quod

166 1322 325 1370 viliam,
362 1321 616 1375 interpretes
656 1318 938 1359 consentiunt.
988 1316 1186 1365 flIultum
1219 1322 1363 1372 potest
1401 1314 1456 1358 ad
1485 1314 1663 1357 verbum
1691 1315 1857 1358 finitum
1885 1317 2106 1372 permittis
2132 1315 2202 1359 vel
2229 1329 2338 1372 pro-

173 1390 315 1435 mittis
344 1387 519 1435 referriz
556 1385 631 1428 sed
662 1388 719 1429 ita
749 1387 938 1433 iunctum
977 1386 1120 1439 friget:
1159 1386 1313 1426 rectius
1352 1387 1500 1440 iunges
1530 1399 1624 1425 cum
1655 1398 1762 1426 voce
1797 1398 2004 1435 securus,
2039 1386 2097 1426 ita
2134 1391 2183 1426 ut
2212 1390 2340 1427 sonet

175 1455 322 1502 valde.
352 1456 440 1500 Pro
467 1456 686 1512 permittis
706 1455 909 1496 Heinsius
938 1452 992 1496 de
1022 1454 1267 1495 coniectura
1295 1451 1415 1495 dedit
1442 1454 1683 1510 promittis:
1714 1459 1843 1508 atque
1870 1455 2107 1510 promittas
2134 1454 2179 1495 in
2200 1454 2340 1509 Regio

168 1525 282 1583 legi,
313 1525 514 1581 Heynius
545 1525 662 1565 testis
699 1529 775 1565 est.
823 1522 959 1578 Quod
987 1525 1025 1565 si
1053 1524 1277 1582 promittis
1305 1521 1479 1577 legitur,
1508 1528 1582 1564 aut
1610 1529 1833 1564 construas
1861 1536 2038 1564 necesse
2066 1529 2129 1566 est
2155 1522 2342 1565 multum

178 1593 237 1639 de
265 1605 335 1637 τηε
362 1593 438 1641 tibi
469 1594 694 1650 promittis
724 1598 798 1634 aut
828 1593 863 1634 si
891 1590 1026 1634 verba
1055 1591 1242 1634 multum
1271 1589 1326 1634 de
1358 1605 1428 1632 me
1456 1593 1641 1634 iunxeris
1673 1607 1769 1633 cum
1795 1606 1903 1634 voce
1929 1606 2115 1637 securus
2132 1625 2143 1643 ‚
2180 1592 2339 1634 dictum

174 1664 280 1714 erit,
304 1660 387 1704 *tibi
413 1662 666 1718 promittis:
702 1660 810 1702 illud
838 1674 930 1703 non
967 1662 1025 1702 ita
1055 1660 1244 1716 expediri
1272 1667 1441 1716 potest,
1481 1668 1526 1702 ut
1553 1675 1647 1702 cum
1674 1662 1724 1702 iis
1742 1692 1753 1711 ,
1790 1674 1903 1716 quae
1932 1667 2200 1716 sequuntur,
2236 1648 2341 1704 con-

180 1734 316 1775 oium:
352 1730 439 1774 hoc
465 1732 646 1773 omnino,
684 1728 874 1785 expediri
911 1731 1093 1784 nequit.·
1125 1730 1238 1771 Nam
1278 1728 1398 1784 quod
1427 1729 1650 1772 Dissenius
1689 1735 1837 1784 putat,
1875 1728 2194 1784 intelligendum
2227 1742 2341 1781 esse,

169 1799 287 1854 fore
314 1800 539 1848 nimirum,
568 1803 621 1840 'ut
646 1798 799 1854 puella
819 1796 935 1841 lianc
960 1796 1155 1840 Cerinthi
1174 1797 1409 1854 perfidiam
1440 1798 1621 1848 toleret,
1651 1796 1697 1839 id
1727 1797 1949 1843 mirificum
1975 1799 2056 1839 viri
2082 1797 2200 1841 docti
2227 1813 2344 1842 com-

178 1875 368 1915 mentum
400 1874 479 1910 est.
526 1866 751 1909 Eiusmodi
788 1866 946 1922 ellipsis
976 1880 1092 1908 nova
1129 1881 1233 1908 sane
1270 1867 1382 1908 foret
1422 1874 1464 1908 et
1493 1866 1621 1923 plane
1653 1865 1857 1908 inaudita.
1904 1867 2102 1922 Heynius
2131 1867 2344 1924 vulgatam

176 1938 397 1995 ριγκηκὶς
423 1936 509 1981 hoc
527 1935 659 1978 modo
688 1934 887 1991 explicat:
913 1948 993 1991 per
1022 1943 1064 1977 te
1093 1935 1192 1978 mihi
1220 1935 1319 1977 licet
1341 1935 1509 1991 quidvis
1535 1949 1684 1991 agere,
1712 1949 1807 1976 cum
1830 1933 2025 1990 quolibet
2046 1937 2218 1988 vivere,
2247 1947 2344 1979 eum

182 2011 398 2052 amatores
428 2002 486 2049 ‚de
517 2002 756 2059 puellarum
785 2001 978 2051 moribus
1009 2010 1051 2046 et
1082 2003 1393 2046 consuetudine
1423 2003 1550 2046 valde
1579 2003 1753 2046 solliciti
1782 2011 1823 2045 et
1858 2005 2015 2050 curiosi
2045 2018 2137 2050 esse
2166 2004 2346 2050 soleant.

179 2074 317 2130 Atqui
337 2073 535 2129 Heynius
557 2070 806 2127 Cyllenium
838 2078 1011 2114 secutus
1042 2069 1098 2118 de
1124 2086 1193 2114 me
1222 2086 1316 2115 cum
1343 2087 1451 2116 voce
1484 2087 1669 2116 securus
1698 2074 1850 2115 iunxit:
1881 2072 2052 2120 easdem
2083 2088 2186 2130 ergo
2212 2089 2346 2117 voces

181 2149 228 2188 et
255 2156 309 2189 ex
327 2140 464 2184 verbo
493 2139 619 2188 finito
650 2147 692 2183 et
722 2155 771 2182 ex
802 2139 1014 2182 adiectivo
1043 2137 1230 2182 securus
1259 2148 1378 2197 aptas
1406 2156 1498 2183 esse
1528 2141 1677 2184 voluit.
1716 2141 1814 2184 Nec
1844 2147 1983 2185 tamen
2013 2142 2058 2185 id
2087 2149 2169 2188 tam
2199 2142 2346 2200 displi-

135 2248 138 2251 .
172 2217 274 2263 met,
306 2222 441 2267 quam
471 2216 562 2251 tota
594 2210 684 2252 eius
703 2210 886 2265 Ιορίιιίο,
929 2222 1040 2263 quae
1067 2208 1169 2250 mihi
1197 2208 1322 2251 huius
1352 2209 1437 2252 loci
1466 2213 1716 2253 sententiam
1747 2218 1993 2267 pervertere
2024 2210 2205 2254 videtur.
2255 2211 2347 2259 Sed

182 2279 240 2327 de
269 2279 354 2323 haev
375 2293 422 2322 re
452 2276 599 2334 paullo
629 2276 758 2320 infra:
788 2291 904 2319 nunc
933 2283 1076 2318 cetera
1107 2290 1424 2335 persequamur.
1453 2277 1607 2321 Subito
1629 2293 1686 2320 ne
1706 2277 1822 2320 male
1849 2280 1999 2336 inepta
2020 2277 2191 2323 cadam.
2225 2280 2349 2323 Haec

182 2346 320 2394 verba
355 2361 410 2390 ex
448 2360 559 2390 voce·
593 2359 780 2389 securus
814 2343 1005 2402 pendere
1043 2345 1208 2389 volunt.
1255 2360 1350 2388 esse
1390 2349 1499 2389 enim
1543 2362 1728 2390 securus
1764 2346 1847 2390 hoc
1883 2346 1982 2390 loeo
2019 2346 2128 2390 nihil
2166 2351 2347 2405 veritus.

176 2418 322 2462 Posse
346 2431 535 2460 securus
554 2417 623 2458 'ita
655 2414 874 2471 explicari,
912 2428 1003 2458 non
1030 2429 1161 2471 nego:
1191 2422 1288 2471 apta
1319 2429 1414 2458 esse
1447 2431 1497 2457 ex
1525 2430 1578 2458 eo
1608 2415 1743 2458 verba
1772 2431 1828 2458 ne
1858 2415 1975 2461 male
2003 2414 2185 2468 cadam,
2218 2412 2346 2475 nego.

171 2485 308 2542 -Quid
339 2497 442 2528 vero
474 2491 537 2526 est
565 2482 756 2532 cadam?
794 2482 991 2528 Verbum
1019 2485 1262 2540 nequitiae,
1291 2486 1454 2540 inquit,
1487 2484 1606 2528 velut
1644 2483 1761 2541 apud
1790 2483 1988 2528 Plautum
2018 2485 2161 2533 (Pers.
2190 2487 2347 2538 1V‚.;4‚

185 2555 298 2608 1⁰5)
322 2562 371 2598 <et
407 2552 521 2610 apud
551 2553 757 2599 Senecam
788 2555 1079 2606 (controvers.
1110 2552 1150 2602 1,
1186 2551 1252 2603 3).
1291 2552 1460 2594 Video:
1499 2552 1578 2595 sed
1607 2552 1723 2609 apud
1759 2552 1938 2595 alterum
1974 2568 2069 2596 cum
2106 2553 2207 2596 leno
2238 2554 2345 2602 dicit

185 2622 285 2675 Ne,
313 2624 396 2674 sis,
422 2622 583 2679 plora:
627 2620 768 2664 libera
796 2625 885 2665 eris
915 2627 1141 2671 actutum,
1176 2621 1215 2662 si
1244 2619 1402 2664 crebro
1433 2620 1595 2673 cades,
1623 2622 1758 2664 statim
1787 2620 2053 2677 intelligitur,
2084 2621 2188 2679 quid
2219 2623 2349 2667 dicat:

186 2690 303 2749 apud
334 2690 511 2737 alterum
551 2703 730 2732 acumen
760 2696 829 2732 est
860 2691 906 2732 in
935 2688 1194 2746 amphibolia
1222 2688 1347 2731 huius
1376 2692 1496 2732 vocis
1525 2692 1722 2746 positum.
1780 2690 1838 2732 At
1866 2690 1951 2732 hoc
1979 2689 2079 2732 loco
2108 2690 2252 2746 puella
2279 2691 2349 2735 lo-

177 2762 354 2817 quitur,
394 2757 594 2802 lascivior
630 2772 733 2800 sane
763 2757 892 2811 (vide
919 2771 1042 2802 carm.
1068 2758 1148 2811 3),
1187 2757 1266 2799 sed
1293 2772 1411 2800 nunc
1437 2758 1642 2802 iracunda
1674 2765 1715 2800 et
1743 2760 1908 2813 generis
1939 2757 2165 2805 nobilitate
2196 2770 2348 2816 supet.-

185 2827 337 2872 hiens:
359 2841 472 2884 quae
502 2840 604 2870 num
634 2826 718 2869 tale
748 2826 853 2883 quid
882 2828 1120 2878 iactaverit,
1150 2825 1278 2868 valde
1308 2825 1481 2869 dubito:
1519 2833 1563 2868 at
1592 2825 1950 2881 quemadmodum
1980 2827 2060 2868 viri
2096 2825 2214 2873 docti
2242 2828 2350 2875 haee

186 2898 284 2953 ipse
298 2895 432 2939 verba
453 2894 686 2952 explicant?
713 2894 1073 2952 Heynius;„male
1103 2897 1269 2950 inepta,
1299 2895 1461 2950 inquit,
1493 2900 1556 2936 est
1578 2896 1704 2940 nimis
1729 2892 1908 2944 stolida,
1938 2908 2093 2957 nempe
2123 2909 2235 2951 quae
2261 2902 2350 2944 tam

177 2965 411 3024 felchi-um
446 2967 647 3011 iuvenem
685 2963 756 3007 alii
790 2964 971 3008 fortasse
1001 2966 1138 3009 minus
1175 2962 1367 3006 formoso
1397 2961 1662 3020 posthabeat
1686 2963 1811 3018 eique
1836 2961 2053 3015 subsidat,
2082 2963 2203 3013 velut
2230 2964 2354 3023 apud

1801 3030 1827 3069 5
1855 3032 1881 3058 ιε
