2462 3112
1170 84 1359 122 XXXIX

174 203 297 248 deam
340 202 577 261 appellari,
622 204 722 258 quia
760 204 805 244 in
844 200 1100 245 abducenda
1139 200 1283 258 puella
1327 215 1503 258 operam
1541 202 1829 257 praestiterit:
1876 215 1971 243 nam
2011 203 2055 243 in
2092 203 2209 257 ipsos
2246 201 2355 245 deos

173 271 300 322 huius
329 271 531 314 facinoris
561 277 760 312 auctores
791 276 835 311 et
865 268 1088 312 adiutores
1119 275 1316 325 poetam,
1353 282 1444 311 non
1480 271 1523 310 in
1555 267 1854 325 praedatorem
1892 269 2051 310 invehi.
2107 270 2229 311 Haec
2266 269 2354 313 ille.

174 341 231 382 At
259 341 295 382 si
323 338 462 382 Ceres
490 344 746 394 propterea,
786 337 907 393 quod
935 339 1117 380 amatori
1155 337 1216 379 illi
1256 339 1299 379 in
1331 336 1584 379 abducenda
1615 337 1789 378 Nemesi
1820 351 1992 392 operam
2023 339 2204 388 navarit,
2234 336 2355 380 dura

172 405 430 464 appelletur,
458 407 612 455 miror,
649 404 886 455 Bacchum,
918 406 993 460 qui
1022 406 1060 447 si
1089 418 1178 446 non
1209 406 1252 446 in
1282 406 1451 455 maiori,
1489 411 1606 446 certe
1637 405 1681 445 in
1711 403 1864 446 eodem
1896 406 2070 446 crimine
2103 412 2232 455 esset,
2263 419 2355 447 non

174 474 328 519 eodem
358 480 432 515 aut
461 471 586 515 simili
617 472 806 528 epitheto
827 479 1020 515 notatum
1052 475 1169 515 esse?
1212 474 1344 528 Atqui
1367 479 1527 514 tantum
1556 470 1696 523 abest,
1728 478 1774 514 ut
1801 479 1931 528 poeta
1964 474 2000 513 ei
2028 472 2275 523 maledicat,
2305 479 2357 515 ut

169 546 440 588 iuventutem
470 543 561 583 eius
593 540 825 596 praedicet.
888 539 1143 597 Religione‚
1173 540 1309 583 credo
1328 573 1338 592 ‚
1370 547 1508 583 tactus
1540 546 1668 596 poeta
1699 542 1836 591 cavit,
1869 554 1923 582 ne
1952 540 2193 592 Bacchum,
2226 540 2354 583 deum

170 612 308 667 poetis
339 611 541 660 amicum,
571 607 777 651 laederet.
825 607 913 649 Sed
945 607 988 650 id
1018 610 1159 650 mitto:
1192 615 1254 650 est
1285 607 1422 658 aliud,
1455 607 1573 664 quod
1609 610 1874 650 mirationem
1907 608 2041 650 faciat.
2088 608 2229 664 Saepe
2260 611 2356 665 qui-

173 679 271 722 dem
301 684 456 735 poetae
486 675 740 719 immodicos
771 677 897 717 animi
927 675 1103 718 dolores
1135 677 1190 717 ita
1221 675 1479 732 depingunt,
1517 683 1562 718 ut
1590 676 1783 718 homines
1816 678 1992 718 maxima
2022 679 2064 718 in
2097 679 2212 732 ipsos
2244 677 2354 719 deos

170 746 333 805 probra
363 746 640 788 coniicientes
669 743 845 794 faciant,
879 743 999 786 velut
1022 743 1098 786 IV.
1121 744 1169 794 4,
1201 744 1288 785 14.:
1317 743 1420 786 dicit
1448 747 1492 786 in
1524 752 1724 786 aeternos
1754 759 1902 800 aspera
1926 744 2057 786 verba
2090 745 2209 787 deos.
2240 745 2355 787 conf.

171 815 225 858 11.
249 816 298 865 6,
330 814 398 857 18.
443 812 518 854 111.
547 813 598 863 5,
628 812 695 854 14.
747 811 874 867 Quae
911 814 1123 854 temeritas
1154 811 1225 853 vel
1260 813 1403 868 potius
1435 811 1648 854 dementia
1681 813 1843 854 etiamsi
1873 811 1927 854 ab
1959 812 2174 854 hominum
2206 827 2357 875 super-

172 884 464 931 stitiosorum,
503 879 654 936 quales
684 887 851 922 veteres
892 886 1040 930 erant,
1080 881 1256 935 ingenio
1299 887 1340 921 et
1378 879 1571 922 moribus
1610 894 1698 922 non
1730 879 1869 922 aliena
1907 887 1998 922 est:
2036 882 2180 936 inepte
2212 888 2355 924 tamen

172 952 296 1008 loqui
324 951 520 992 homines
550 962 604 990 ne
641 949 702 989 sic
732 946 905 1003 quidem
941 946 1119 989 affectos
1148 946 1281 989 decet.
1342 947 1463 1003 Quid
1497 956 1559 990 est
1589 956 1732 990 autem
1766 949 1952 1003 ineptius
1971 981 1980 998 ,
2022 963 2148 1003 quam
2178 952 2353 1005 punitos

173 1019 281 1062 velle
311 1017 419 1060 deos
450 1014 563 1068 (vid.
584 1015 754 1056 Dissen.
778 1012 832 1055 ad
857 1014 894 1056 h.
916 1013 987 1068 l.):
1019 1029 1131 1070 quae
1163 1016 1274 1056 enim
1305 1017 1382 1056 ista
1414 1018 1578 1070 poena?
1623 1017 1740 1058 Num
1770 1016 1906 1059 Ceres
1938 1023 1979 1058 et
2011 1017 2206 1060 Bacchus
2235 1018 2354 1061 malo

170 1088 340 1144 frugum
360 1085 662 1139 fructuumque
683 1089 896 1138 proventu
917 1081 1048 1138 plecti
1069 1085 1292 1138 poterant?
1323 1082 1455 1124 Immo
1478 1097 1581 1125 vero
1605 1085 1744 1125 omnia
1767 1083 2037 1125 incommoda
2061 1084 2113 1125 ad
2137 1092 2351 1128 aratorem

170 1152 467 1213 pertinebant:
501 1153 538 1194 is
567 1165 617 1192 ex
648 1150 814 1206 frugum
846 1151 970 1206 copia
1002 1157 1076 1192 aut
1105 1152 1250 1206 inopia
1283 1150 1566 1201 conficiebat,
1598 1166 1699 1193 num
1731 1151 1774 1194 di
1805 1150 1885 1193 sibi
1920 1154 2095 1208 propitii
2128 1168 2182 1194 au
2213 1155 2352 1196 aversi

173 1228 329 1266 essent.
357 1221 502 1262 Penes
520 1218 731 1262 Cererem
751 1225 792 1259 et
808 1217 1023 1259 Bacchum
1046 1232 1182 1260 annus
1204 1225 1294 1259 erat
1319 1219 1452 1270 (conf.
1472 1220 1596 1261 Hom.
1615 1220 1654 1260 H
1657 1234 1773 1276 ymn.
1791 1218 1841 1262 C.
1859 1219 1926 1270 30,
1947 1220 1973 1260 5
1990 1235 2082 1276 sqq.
2107 1220 2354 1264 Callimach.

171 1291 332 1347 Hymn.
352 1289 397 1330 in
420 1287 570 1330 Cerer.
592 1301 660 1327 vv‚
683 1285 766 1326 136
787 1299 879 1341 sqq.
923 1284 1053 1327 ovid.
1075 1286 1182 1328 Met.
1204 1286 1258 1327 V.
1281 1286 1376 1327 477.
1420 1286 1567 1329 Horat.
1593 1287 1644 1330 C.
1669 1287 1711 1329 S.
1739 1303 1806 1330 vv,
1829 1288 1886 1329 30
1908 1291 2033 1344 sqq.).
2078 1289 2215 1332 Etiam
2241 1290 2353 1332 infra

171 1365 301 1416 poeta
332 1362 561 1413 precatur,
600 1361 647 1396 ut
677 1353 873 1395 Bacchus
904 1352 1023 1395 lacus
1054 1354 1235 1395 hominis
1267 1353 1380 1395 illius
1411 1353 1493 1396 sibi
1523 1357 1648 1396 invisi
1685 1355 1911 1411 relinquat.
1968 1355 2118 1413 Itaque
2151 1358 2193 1400 di
2224 1358 2352 1401 relin-

172 1432 313 1484 quunt
339 1423 408 1466 vel
440 1422 645 1465 deserunt
675 1429 785 1464 tecta
805 1453 815 1471 ,
856 1435 984 1472 arva,
1015 1424 1159 1463 vineta
1179 1454 1188 1472 ‚
1225 1421 1305 1463 alia
1337 1422 1608 1472 huiusmodi3
1648 1423 1777 1465 iidem
1813 1423 2027 1466 laetantur
2062 1425 2176 1468 felici
2203 1441 2356 1469 mune-

170 1509 266 1537 rum
295 1506 471 1535 suorum
499 1489 716 1532 ubertate:
749 1488 918 1540 dolent,
948 1492 983 1531 si
1015 1492 1206 1546 ipsorum
1233 1491 1354 1545 quasi
1385 1504 1514 1546 regua
1545 1493 1698 1547 insigni
1720 1491 1863 1548 aliqua
1888 1492 2124 1536 calamitate
2155 1494 2355 1552 affligun-

173 1571 262 1606 tur:
301 1559 380 1604 sed
410 1562 527 1616 ipsos
560 1558 665 1600 deos
692 1557 756 1599 his
791 1556 960 1599 casibus
979 1559 1133 1613 puniri
1164 1557 1232 1599 vel
1262 1557 1479 1609 mulctari,
1522 1572 1623 1600 num
1655 1567 1821 1602 veteres
1852 1574 2039 1617 unquam
2071 1564 2231 1617 opinati
2261 1562 2354 1606 sue-

171 1633 279 1683 rint,
309 1627 476 1672 dubito.
517 1627 682 1668 Verum
714 1624 895 1668 fortasse
925 1627 1049 1668 nimis
1078 1639 1232 1682 urgeo3
1266 1625 1383 1682 quod
1403 1629 1554 1684 puniri
1576 1626 1771 1670 dixerunt
1800 1629 2053 1685 interpretes
2085 1630 2164 1680 illi,
2196 1630 2355 1676 dolere

169 1698 298 1742 valet.
343 1697 460 1753 Ergo
493 1701 664 1752 poetam
694 1691 852 1735 volunt
883 1693 1110 1736 devovisse
1140 1707 1265 1748 agros
1299 1693 1442 1735 rivalis
1474 1701 1514 1736 et
1546 1697 1708 1746 vineta,
1739 1702 1785 1737 ut
1809 1695 1947 1738 Ceres
1980 1705 2022 1738 et
2050 1698 2243 1740 Bacchus
2271 1701 2355 1756 ipsi

172 1769 327 1810 amisso
349 1765 464 1807 omni
486 1769 705 1820 proventu
727 1761 938 1804 dolerent.
970 1761 1128 1804 Video.
1166 1762 1252 1805 Sed
1278 1762 1382 1818 quid
1404 1761 1545 1804 verbis
1576 1762 1652 1804 fiat
1679 1762 1890 1814 devotos,
1921 1763 2121 1815 Bacche,
2153 1767 2355 1823 relinque

173 1836 328 1879 lacus:
368 1845 514 1875 nonne
554 1828 783 1872 dicendum
822 1837 938 1871 erat:
987 1836 1032 1871 te
1069 1830 1238 1872 Bacche
1279 1829 1525 1886 relinquant
1562 1829 1679 1872 lacus
1720 1845 1797 1872 seu
1835 1830 2097 1880 destituant,
2137 1842 2182 1875 ut
2222 1849 2354 1890 supra

173 1903 330 1946 dictum
365 1907 428 1942 est
457 1899 526 1940 At
557 1896 652 1947 tibi,
683 1895 800 1939 dura
825 1897 982 1947 Ceres,
1013 1897 1246 1954 persolvat
1269 1905 1347 1940 cet.
1395 1897 1503 1940 Noli
1533 1906 1674 1940 autem
1705 1906 1877 1955 putare,
1908 1899 2108 1957 relinque
2138 1902 2221 1943 hoc
2250 1901 2352 1946 loco

173 1971 331 2014 dictum
371 1981 491 2018 esse,
529 1973 574 2008 ut
610 1963 725 2022 apud
755 1964 906 2021 Virgil.
938 1964 1099 2027 Georg.
1132 1966 1206 2006 lv.
1238 1966 1362 2007 326.:
1410 1967 1476 2008 En
1522 1968 1647 2008 etiam
1685 1967 1800 2008 hunc
1836 1969 1973 2023 ipsum
2009 1970 2122 2011 vitae
2163 1970 2354 2013 mortalis

171 2039 384 2082 honorem
423 2043 466 2077 te
494 2041 628 2076 matre
668 2031 883 2088 relinquo.
945 2032 1072 2088 Quae
1103 2048 1199 2074 cum
1229 2035 1284 2075 ita
1316 2035 1398 2075 sint
1419 2067 1428 2083 ‚
1468 2033 1666 2089 equidem
1699 2037 1925 2077 consentio
1944 2069 1954 2086 ,
1984 2036 2089 2078 haec
2117 2039 2160 2078 in
2192 2045 2356 2080 amato-

171 2121 262 2150 rem
294 2103 462 2162 puellae
497 2101 610 2144 dicta
649 2114 756 2142 esse.
817 2099 937 2142 Idem
978 2102 1103 2143 sentit
1134 2100 1359 2157 Gruppius
1390 2101 1445 2154 (l.
1475 2102 1543 2155 L).
1595 2103 1691 2144 Nee
1721 2101 1900 2145 dubium
1932 2111 2014 2153 est,
2054 2107 2158 2160 quin
2195 2107 2253 2147 ita
2283 2106 2354 2157 hnic

172 2174 295 2217 locus
322 2167 598 2228 explicandus
629 2170 700 2210 sit:
736 2175 782 2209 ut
813 2170 922 2210 enim
954 2167 1036 2210 sibi
1066 2176 1195 2224 poeta
1227 2168 1382 2225 largam
1417 2170 1618 2226 praedam
1651 2170 1892 2227 obtingere,
1923 2173 1979 2213 ita
2010 2172 2183 2214 rivalem
2216 2176 2354 2216 omni·

170 2241 255 2284 bus
279 2236 562 2283 incommodis
593 2235 706 2278 affici
737 2235 840 2278 vult.
894 2235 1031 2291 Quod
1061 2251 1168 2279 vero
1205 2236 1408 2279 scribitur
1437 2237 1651 2288 abducis,
1689 2237 1732 2279 id
1764 2239 1861 2280 mihi
1893 2253 2037 2295 neque
2068 2243 2110 2281 in
2147 2241 2354 2283 Cererem

172 2322 314 2365 neque
344 2309 387 2349 in
417 2311 667 2348 amatorem
699 2303 912 2360 quadrare
939 2304 1132 2347 videtur:
1173 2312 1263 2346 erat
1300 2307 1410 2347 enim
1443 2305 1638 2349 abducta
1668 2306 1811 2362 puella
1851 2322 1994 2363 neque
2024 2307 2206 2350 abducit
2236 2308 2355 2351 valet

104 2424 107 2428 ‚
173 2375 364 2420 abduxit
390 2380 462 2415 aut
491 2374 666 2415 retinet.
698 2370 854 2414 acerba
885 2379 1023 2414 autem
1055 2372 1170 2414 foret
1199 2374 1361 2423 irrisio,
1392 2375 1427 2414 si
1457 2372 1616 2415 dictum
1648 2381 1778 2416 esset:
1809 2381 2007 2433 segetem
2028 2375 2202 2428 fnisse,
2237 2391 2354 2433 quae

171 2443 368 2502 puellam
390 2439 634 2484 abduceret
663 2441 688 2482 i.
713 2454 748 2482 e.
773 2439 963 2497 puellam
987 2454 1077 2482 non
1108 2448 1359 2491 amatorem,
1386 2440 1462 2483 sed
1494 2443 1584 2483 eius
1617 2441 1783 2484 divitias
1805 2450 1994 2484 secutam
2026 2458 2129 2485 esse.
2174 2445 2227 2487 Et
2260 2452 2353 2488 erat

172 2516 252 2556 iste
282 2517 448 2553 amator
478 2508 630 2564 dignus
661 2508 735 2550 tali
764 2507 936 2564 puella,
972 2509 1051 2550 ista
1090 2507 1232 2564 puella
1275 2508 1401 2564 digna
1443 2508 1514 2550 tali
1544 2516 1744 2552 amatore.
1805 2510 1946 2565 Quam
1978 2518 2119 2552 autem
2151 2512 2232 2554 hoc
2262 2515 2354 2556 sive

174 2580 312 2622 facete
353 2580 443 2619 sive
489 2575 643 2618 acerbe
682 2575 842 2617 dictum
877 2577 928 2617 iis
968 2578 1228 2626 conveniat,
1269 2590 1381 2631 quae
1420 2575 1619 2631 leguntur
1651 2578 1678 2619 Ι.
1714 2578 1760 2628 9,
1792 2579 1858 2620 49.
1892 2586 1932 2619 et
1972 2581 2012 2619 in
2044 2579 2125 2620 hoc
2165 2583 2351 2623 carmine

175 2645 322 2703 paullo
353 2659 480 2700 supra
513 2646 577 2696 (v.
609 2644 719 2696 35.),
756 2643 1023 2685 manifestum
1054 2651 1144 2686 est:
1180 2643 1473 2698 quadecaussa
1504 2657 1592 2686 non
1624 2642 1813 2686 dubitem
1845 2644 2015 2701 legere:
2047 2647 2102 2686 At
2133 2645 2209 2687 tibi
2241 2647 2351 2690 dura

176 2726 316 2770 seges,
348 2712 569 2753 Nemesim
591 2725 703 2767 quae
723 2709 899 2753 abduxit
929 2709 983 2753 ab
1006 2710 1134 2761 urbe,
1165 2709 1388 2752 Persolvat
1418 2710 1537 2753 nulla
1566 2714 1727 2754 semina
1759 2720 1873 2754 certa
1907 2711 2007 2753 fide.
2052 2712 2198 2754 Verba
2219 2729 2353 2772 seges

175 2777 413 2833 nullafide
435 2780 603 2821 semina
623 2778 857 2834 persolvat
883 2777 1007 2834 plana
1028 2786 1138 2821 sunt.
1170 2778 1283 2821 conf.
1302 2779 1452 2821 Horat.
1469 2779 1603 2835 Epist.
1626 2780 1656 2821 1.
1682 2781 1723 2830 7,
1754 2779 1844 2821 87.;
1875 2794 1991 2835 spem
2017 2782 2188 2822 mentita
2213 2796 2339 2838 seges

175 2847 252 2891 sed
283 2847 450 2903 egregie
487 2852 611 2888 certa
649 2852 692 2887 et
720 2845 847 2888 nulla
875 2845 977 2901 fide
1013 2848 1126 2888 inter
1163 2860 1209 2888 se
1249 2854 1494 2902 comparata
1524 2855 1654 2898 sunt,
1691 2855 1738 2889 ut
1776 2849 1839 2888 vis
1875 2854 1916 2888 et
1949 2847 2128 2889 effectus
2160 2863 2353 2892 exsecra-

177 2917 305 2959 tionis
345 2919 557 2957 cernatur.
618 2911 755 2969 Quod
785 2917 980 2971 sequitur
1014 2913 1072 2957 Et
1103 2920 1184 2966 tu,
1220 2913 1399 2957 Bacche
1436 2921 1585 2967 tener,
1622 2930 1717 2957 cum
1748 2914 1878 2958 modo
1911 2915 2063 2958 eodem
2094 2920 2353 2972 pronomine
