2462 3112
1160 125 1286 170 „XVI

243 235 362 291 Eleg.
384 237 433 278 X.
455 251 493 279 v.
516 237 555 279 5.
601 237 896 281 Lachmannus
921 239 1054 291 dedit,
1084 241 1204 296 quod
1231 250 1294 286 est
1321 246 1365 285 in
1386 243 1601 300 plerisque
1621 243 1760 296 libris,
1789 260 1862 289 an.
1901 246 2120 302 Heynius,
2149 245 2316 293 Husch-

157 301 282 354 kius,
311 304 535 346 Disseuius
554 338 565 357 ,
596 305 817 363 Gruppius
850 322 1084 364 paucorum
1113 308 1320 352 librorum
1351 314 1600 367 scripturam
1637 318 1687 354 at
1722 320 2022 369 reposuerunt.
2081 313 2217 356 Poeta
2246 327 2316 357 ex-

159 378 276 413 cusat
305 373 397 426 ipse
427 374 693 415 inventorem
723 388 964 427 armorum,
1001 378 1045 418 in
1076 391 1200 432 quem
1230 378 1360 420 modo
1393 385 1631 430 exarserat,
1672 392 1923 436 omnemque
1962 379 2016 422 ab
2055 394 2108 423 eo
2146 379 2314 438 culpam

159 439 308 479 avertit
334 439 377 479 in
405 437 523 489 illos,
554 441 627 494 qui
654 441 778 495 primi
804 439 888 483 hoc
915 443 1090 484 invento
1120 442 1174 484 ad
1204 443 1420 486 hominum
1453 445 1629 488 caedem
1659 449 1721 488 uti
1754 449 2007 503 coepissent.
2054 447 2189 504 Quod
2218 441 2314 490 cum

157 505 214 546 ita
241 506 313 555 sit,
341 512 389 548 at
418 520 548 548 unum
571 514 632 549 est
655 509 928 550 verissimum.
959 523 1019 550 an
1047 515 1162 551 certe
1194 509 1247 552 ab
1279 510 1605 566 elegantissima,
1635 526 1747 568 quae
1776 527 1864 556 non
1895 514 2025 557 modo
2052 514 2178 557 huius
2208 513 2312 566 loci,

157 570 236 614 sed
266 573 398 614 totius
429 574 623 615 carminis
655 581 716 615 est
734 607 744 624 ,
776 573 1042 631 simplicitate
1071 575 1287 619 abhorret.
1321 602 1376 610 —
1413 593 1453 620 v.
1484 579 1550 620 10.
1598 577 1897 638 Somnumque
1922 580 2102 639 petebat
2127 595 2314 624 securus

156 641 308 682 varias
339 638 433 681 dux
462 642 619 698 gregis
647 643 765 683 inter
794 656 912 684 oves.
943 643 1040 684 Hoc
1069 642 1168 685 loco
1203 644 1291 687 duo
1322 646 1606 701 suspicionem
1635 649 1736 688 viris
1767 647 1903 690 doctis
1932 655 2185 691 moverunt:
2223 649 2314 705 epi-

158 706 305 749 theton
335 709 487 749 varias
521 715 563 750 et
594 708 713 763 quod
740 715 902 767 pastor·
931 709 1025 752 dux
1053 714 1200 754 ovium
1228 719 1418 754 vocatur.
1461 713 1654 755 Alterum
1683 716 1794 756 enim
1822 714 2021 757 dixerunt
2050 729 2142 758 esse
2164 717 2312 758 vitium

159 776 323 825 ovium,
354 789 533 830 quarum
565 775 662 817 alba
691 776 761 819 vel
789 779 913 820 nivea
943 777 1105 820 vellera
1136 781 1179 821 in
1210 783 1348 836 pretio
1383 780 1588 830 suissent3
1618 783 1736 824 varia
1766 788 1807 824 et
1838 781 2056 824 maculosa
2084 795 2172 824 non
2201 783 2312 825 item.

160 841 379 895 Quocirca
400 841 471 883 alii
492 841 618 884 aliter
641 843 937 886 emendarunt:
963 852 1005 887 et
1026 846 1227 888 Heinsius
1249 846 1421 903 quidem
1442 855 1642 891 saturas:
1670 849 1790 905 quod
1811 849 2028 906 epitheton
2051 863 2146 891 cum
2167 851 2314 906 pecori

157 916 231 951 aut
260 908 314 950 ad
344 924 553 967 praesepe
582 913 709 953 stanti
739 918 812 954 aut
841 927 889 954 ex
918 915 1086 968 pascuis
1108 913 1305 956 redeunti
1333 929 1354 955 a
1375 917 1516 970 poetis
1543 915 1675 957 tribui
1705 915 1863 967 soleat,
1893 915 2007 957 haud
2030 917 2120 957 scio
2149 929 2203 957 an
2230 914 2314 958 hoc

154 975 254 1018 loco
278 991 455 1032 prorsus
480 979 667 1033 ineptum
693 980 757 1020 sit.
786 981 939 1035 Aptius
956 987 1071 1022 certe
1090 981 1388 1035 foretfessas,
1418 982 1575 1024 lassas.
1602 983 1752 1025 Horat.
1770 983 1842 1025 111.
1861 983 1912 1026 C.
1929 983 2006 1035 29,
2036 983 2102 1026 17.
2120 997 2202 1039 sq.:
2231 984 2314 1025 iam

153 1052 303 1100 pastor
333 1044 503 1086 umbras
534 1060 627 1086 cum
658 1060 783 1102 grege
813 1046 1016 1102 languido
1039 1049 1262 1104 rivumque
1283 1048 1417 1090 sessus
1440 1051 1616 1105 quaerit.
1649 1051 1939 1092 Veruntamen
1959 1052 2110 1092 varias
2127 1051 2312 1092 Vossius

154 1120 270 1156 recte
300 1114 604 1168 interpretatus
627 1120 689 1155 est
712 1128 794 1156 nec
819 1121 962 1170 potest
978 1117 1143 1171 negari,
1175 1130 1267 1158 esse
1287 1116 1468 1172 aliquam
1489 1117 1795 1159 iucunditatem
1821 1120 2032 1174 imaginis,
2063 1131 2148 1173 qua
2166 1124 2312 1173 pastor

155 1183 198 1222 in
229 1179 370 1222 medio
402 1194 561 1236 pecore
590 1181 853 1223 versicolore
881 1182 1168 1225 meridionans
1197 1190 1554 1239 repraesentetur.
1609 1184 1742 1227 Addit
1774 1185 1955 1226 Vossius
1974 1217 1984 1235 ‚
2023 1198 2111 1226 non
2141 1197 2312 1226 curasse

155 1250 320 1305 priscos
351 1248 570 1299 homines,
601 1255 647 1290 ut
676 1263 732 1291 ne
764 1249 926 1292 vellera
958 1265 980 1291 a
1010 1253 1136 1293 niveo
1167 1251 1316 1293 colore
1346 1251 1666 1307 degenerarent.
1708 1251 1884 1293 Frustra
1909 1250 2133 1292 Praefkius
2163 1257 2311 1292 contra

156 1315 276 1364 dicit,
308 1316 524 1371 opinatuS,
553 1318 703 1358 varias
734 1332 839 1360 oves
868 1317 1047 1374 intelligi
1071 1320 1223 1361 varios
1253 1333 1307 1361 ac
1332 1318 1595 1376 multiplice-s·
1625 1320 1772 1361 ovium
1797 1325 1966 1368 motus,
1997 1332 2174 1373 quarum
2203 1316 2310 1359 aliae

157 1382 367 1434 exsiliant,
395 1383 502 1425 aliae
531 1384 748 1436 incedant,
779 1385 888 1427 aliae
920 1387 1043 1428 etiam
1073 1385 1325 1442 procubent.
1383 1386 1509 1442 Quae
1540 1388 1656 1428 vocis
1685 1388 1836 1428 varius
1865 1384 2116 1442 significatio
2147 1386 2222 1441 qui
2250 1391 2311 1427 te-

156 1453 250 1493 neri
281 1452 438 1506 possit,
468 1453 533 1492 vir
560 1450 712 1493 doctus
742 1454 834 1508 ipse
861 1452 1029 1495 viderit.
1090 1454 1211 1495 Nihil
1242 1469 1342 1511 ergo
1371 1453 1618 1496 mutandum
1650 1461 1725 1496 est.
1776 1452 1967 1495 Alterum
1998 1459 2159 1504 autem,
2189 1451 2309 1509 quod

154 1521 256 1560 viris
288 1517 425 1559 doctis
455 1517 686 1560 offensioni
717 1518 847 1560 fuisse
877 1518 1074 1570 diximus,
1105 1521 1302 1576 Heynius
1331 1523 1484 1563 acriter
1513 1535 1731 1577 aggressus
1761 1520 1904 1563 multis
1933 1527 1974 1562 et
2002 1519 2193 1575 undique
2223 1518 2311 1561 col-

155 1585 277 1628 lectis
310 1585 416 1627 locis
447 1587 718 1640 oppugnavit.
755 1586 1014 1629 Constanter
1043 1589 1152 1628 enim
1182 1587 1273 1629 aliis
1301 1589 1440 1644 poetis
1462 1594 1672 1643 pastorem
1691 1590 1748 1629 ait
1766 1590 2050 1645 magistrum,
2081 1585 2309 1629 custodem

152 1654 329 1710 pecoris
352 1651 582 1708 appellari,
613 1666 702 1694 non
732 1651 888 1695 ducem
909 1656 1087 1711 gregis,
1120 1656 1194 1709 qui
1225 1657 1333 1696 aries
1361 1657 1425 1696 sit.
1460 1654 1565 1705 Sed,
1592 1653 1692 1695 dum
1722 1656 1970 1710 scripturam
1999 1653 2209 1709 vulgatam
2241 1667 2310 1695 ex-

154 1720 310 1777 plodit,
341 1721 435 1762 viro
467 1719 712 1762 doctissimo
744 1720 896 1763 excidit
925 1723 1171 1763 coniectura
1199 1736 1337 1778 paene
1362 1721 1551 1764 ridicula.
1583 1721 1705 1763 Facit
1725 1724 1834 1764 enim
1855 1724 2038 1764 arietem
2060 1723 2178 1764 inter
2203 1734 2308 1764 ove-5

153 1802 358 1831 somnum
384 1794 627 1843 petentem:
660 1791 780 1830 cuius
811 1791 1032 1831 commenti
1061 1791 1198 1844 ipsum
1224 1790 1403 1847 posthac
1430 1791 1653 1845 poenituit.
1686 1791 1800 1831 iure:
1830 1803 1911 1831 nec
1939 1803 2045 1831 vero
2077 1789 2309 1846 quidquam

155 1855 466 1899 emendandum
498 1862 572 1897 est.
610 1856 811 1911 Namque
843 1871 891 1898 ex
920 1855 1025 1898 locis
1057 1857 1110 1898 ab
1135 1858 1309 1913 Heynio
1339 1865 1380 1899 et
1399 1856 1623 1899 Huschkio
1654 1857 1790 1899 allatis
1820 1857 1866 1900 id
1898 1864 2011 1900 certe
2040 1855 2307 1912 intelligitur,

154 1926 346 1980 potuisse
378 1923 503 1964 etiam
535 1937 557 1964 a
590 1922 767 1965 Tibullo
796 1931 1009 1979 pastorem
1041 1924 1192 1966 ducem
1223 1927 1360 1982 gregis
1392 1924 1611 1981 appellari.
1665 1925 1811 1967 Unum
1842 1932 1926 1976 est,
1957 1924 2075 1980 quod
2109 1927 2309 1984 quis-mi-

153 1999 283 2033 retur.
334 1989 462 2045 Apud
493 1989 771 2045 Apollonium
805 1993 915 2033 enim
954 1991 1125 2048 legitur:
1166 1992 1267 2033 Κατ’
1297 1993 1420 2045 ἴχνια
1449 1998 1731 2048 σημαντῆρος
1758 1991 1902 2048 μυρία
1929 1992 2037 2047 μῆλ’
2063 1990 2307 2046 ἕφέπᾱυταιθ.

155 2067 284 2114 atque
309 2060 343 2099 si
365 2071 456 2099 mos
487 2064 597 2098 esset
627 2064 866 2113 pastorum,
897 2065 945 2099 ut
969 2072 1136 2114 semper
1162 2061 1374 2101 anteirent
1394 2059 1593 2116 gregibus
1615 2062 1658 2101 in
1680 2074 1836 2115 pascua
1859 2059 2140 2117 exeuntibus,
2157 2059 2307 2116 quidni

155 2124 379 2168 commode
407 2131 663 2166 vocarentur
692 2123 828 2168 duces
857 2128 1038 2183 gregis?
1086 2127 1250 2168 Verum
1281 2128 1449 2182 saepius
1489 2126 1549 2168 illi
1586 2125 1911 2182 subsequuntur
1939 2140 2097 2183 gregeS.
2157 2127 2305 2182 ltaque

155 2207 249 2234 mea
281 2191 451 2247 quidem
483 2192 688 2246 opinione
719 2206 800 2233 vox
823 2190 917 2234 dux
947 2195 1003 2234 ita
1035 2192 1282 2248 explicanda
1314 2196 1412 2244 erit,
1443 2201 1490 2235 ut
1519 2193 1621 2235 nihil
1651 2195 1836 2244 intersit,
1866 2200 2006 2235 utrum
2026 2200 2172 2250 pastor
2191 2200 2307 2236 ante-

154 2267 221 2302 eat
252 2272 305 2300 an
336 2265 542 2314 sequatur
571 2273 752 2315 gregem.
804 2260 936 2315 Atqui
967 2259 1102 2303 duces
1132 2276 1262 2317 saepe
1300 2263 1328 2303 ii
1361 2269 1596 2313 vocantur,
1637 2260 1794 2318 quibus
1822 2262 2044 2317 imperium
2074 2268 2137 2303 est
2167 2260 2304 2314 (conf.

152 2327 302 2369 Horat.
325 2325 375 2369 C.
401 2326 471 2367 tv.
491 2325 538 2376 5,
568 2326 645 2378 5.):
677 2325 1035 2382 quemadmodum
1065 2342 1168 2370 vero
1197 2328 1408 2383 agricolae
1435 2331 1566 2380 arvis,
1594 2330 1796 2371 vinitores
1825 2327 1982 2370 vitibus
2009 2330 2217 2384 imperare'
2241 2326 2307 2369 di-

155 2401 310 2436 cuntur
339 2391 450 2445 (vid.
474 2393 591 2448 Virg.
614 2393 774 2450 Georg.
799 2394 829 2436 Ι.
849 2395 917 2436 99.
948 2394 1000 2436 11.
1020 2394 1156 2447 370.):
1188 2397 1245 2436 ita
1275 2394 1370 2437 dux
1398 2397 1554 2453 gregis
1583 2395 1667 2437 hoc
1694 2394 1792 2437 loco
1826 2401 1890 2438 est
1918 2393 2124 2437 (lominus
2151 2396 2306 2452 gregis

153 2464 244 2504 sive
275 2463 328 2510 is,
359 2462 432 2516 qui
463 2462 500 2502 ei
531 2468 712 2515 praeest.
735 2486 788 2495 —
816 2476 855 2503 v.
880 2461 945 2502 ll.
978 2461 1102 2505 Tunc
1123 2461 1228 2505 mihi
1252 2464 1344 2504 vita
1355 2462 1511 2516 foret:
1540 2462 1667 2520 vulgi
1689 2477 1772 2506 nec
1797 2463 1942 2505 tristia
1971 2473 2147 2504 nos-rem
2177 2476 2304 2503 arma

153 2543 236 2571 nec
257 2526 479 2570 audissem
507 2527 645 2570 corde
674 2531 864 2571 micante
885 2528 1046 2572 tubam.
1079 2530 1224 2572 Verba
1246 2536 1352 2574 tunc
1371 2529 1476 2572 mihi
1496 2533 1590 2574 vita
1599 2531 1736 2585 foret
1757 2532 2090 2586 interpretantur
2108 2527 2304 2584 plerique

155 2610 322 2638 omnes:
351 2597 389 2637 si
410 2601 516 2637 tunc
536 2595 639 2637 mihi
663 2598 756 2638 vita
776 2604 892 2640 esset
920 2612 999 2640 seu
1017 2597 1210 2651 fuisset:
1241 2601 1309 2640 cui
1336 2600 1673 2654 interpretationi
1704 2612 1725 2638 a
1756 2597 2040 2653 grammatices
2068 2597 2306 2651 praeceptis

151 2663 255 2706 nihil
288 2660 429 2705 obstat
458 2663 599 2714 (conf.
632 2663 685 2705 de
715 2667 758 2706 vi
787 2666 905 2709 vocis
923 2662 1208 2719 soret'Haas.
1238 2664 1293 2707 ad
1316 2666 1470 2721 Reisig.
1491 2680 1532 2721 p.
1555 2665 1649 2707 483.
1680 2671 1822 2708 annot.
1845 2663 1941 2705 445.
1972 2662 2026 2704 de
2055 2662 2305 2718 imperfecto

153 2737 270 2773 esset
293 2729 555 2786 profuisset
582 2732 746 2786 Zumpt.
768 2731 845 2774 Gr.
868 2731 939 2776 lat.
957 2732 982 2787 §
1006 2732 1119 2775 525.=
1149 2733 1204 2775 de
1229 2735 1381 2775 omissa
1401 2733 1702 2774 coniunctione
1721 2734 1762 2774 .ςί
1782 2731 1921 2772 Sanct.
1942 2730 2126 2772 Minerv.
2147 2745 2188 2786 p.
2209 2729 2304 2771 702.

153 2797 355 2839 Ruddim.
376 2798 503 2838 instit.
522 2812 580 2853 gr.
597 2813 639 2853 p.
660 2799 756 2840 356.
780 2806 923 2842 annot.
943 2799 1118 2856 Forbig.
1140 2798 1195 2841 ad
1217 2799 1367 2855 virgil.
1387 2800 1494 2842 Aen.
1515 2799 1547 2841 1.
1567 2798 1664 2840 573.
1685 2805 1729 2840 et
1744 2798 1916 2840 Dissen.
1937 2796 1991 2838 ad
2011 2796 2050 2839 h.
2070 2795 2132 2848 l.).
2165 2794 2307 2855 Vulgi

152 2880 280 2906 arma
303 2866 575 2919 Ayrmannus
599 2865 715 2907 bella
746 2867 888 2908 civilia
919 2866 1097 2923 intelligi
1126 2866 1230 2909 vult.
1263 2865 1474 2923 Equidem
1503 2864 1624 2908 bella
1651 2865 1794 2907 nullos
1825 2863 2021 2906 habitura
2050 2863 2304 2919 triumphos,

152 2931 288 2973 civilia
320 2946 459 2982 arma,
491 2931 711 2974 lacrimosa
742 2932 881 2984 bella,
913 2935 1069 2976 civicos
1103 2941 1268 2985 motus,
1299 2935 1472 2990 impium
1502 2933 1708 2991 Martem,
1741 2933 1868 2987 impia
1894 2930 2079 2987 praelia,
2108 2943 2303 2971 romanas
