2462 3112
1103 105 1322 146 §mvn

135 235 314 288 petant,
343 226 527 285 indigno
555 226 674 269 metu
710 225 868 277 teneri,
905 237 972 266 ne>
998 228 1144 267 scorto
1175 221 1330 278 ‘ignoto
1367 218 1682 276 posthabentur.
1736 219 1867 277 Legit
1905 221 2017 263 enim
2042 221 2110 263 vii·
2144 220 2298 274 doetus

136 299 336 342 maxima
365 309 616 347 curm-non
645 297 842 338 maxima
872 307 1056 344 caussa,
1086 304 1197 348 quae
1226 291 1343 331 varia
1363 289 1581 344 :scriptura
1613 295 1688 330 est.
1719 287 1875 331 -Fuisse
1905 291 2015 332 enim
2040 289 2299 347 Sulpiciani,

137 365 592 410 'ut-noratiissmnen
614 363 697 417 (C.
717 362 778 415 ΙΙ,
807 364 856 415 8,
886 362 959 415 8),
986 362 1201 403 maximam
1216 359 1366 399 ⁴curam
1387 356 1747 399 nobilissimorum
1776 360 1989 400 iuvenum.
2020 359 2300 402 Postmodum

138 434 284 478 tamen
311 434 470 476 mutata
499 433 711 474 sententia
739 430 892 482 turba,
921 444 1047 486 quam
1078 442 1199 471 cura¹
1216 426 1298 482 legi
1324 425 1482 468 maluit.
1531 424 1776 469 Huschkius
1806 439 1860 468 ne
1889 441 1971 468 vox
2001 431 2298 473 cumin-tam

138 502 267 557 breui
289 503 485 544 ,carmine
523 503 774 552 iteraretur,
809 502 1059 555 scripturam
1094 510 1256 540 caussa
1285 494 1496 551 potiorem
1528 494 1673 544 duxit,
1708 493 1866 538 deinde
1903 509 2046 538 secum
2082 499 2174 554 ipse
2212 498 2298 541 dis-
2361 546 2363 549 ¹

139 573 330 616 sentiens
375 569 550 612 alteram
590 571 839 625 scripturam
881 566 1092 623 praefert:
1131 566 1341 607 maxima
1372 562 1482 606 enim
1521 578 1631 606 cura
1670 571 1712 606 et
1749 578 1858 606 cura
1906 571 2044 623 togae
2068 565 2210 609 ,intera
2234 581 2296 610 ²se

139 653 235 683 esse
261 638 471 695 opposita.
500 637 730 679 Dissenius
763 638 808 678 in
843 635 994 676 ceteris
1024 635 1199 690 Heynio
1231 630 1469 675 consentit:
1507 632 1610 689 legit
1636 640 1776 675 tamen
1806 647 1988 685 caussa,
2020 648 2146 691 quam
2177 634 2299 684 locu-

139 710 304 751 tionem
331 721 393 750 Jex
429 705 526 748 foro
565 705 802 747 traductam
831 703 944 751 vult;
985 702 1207 758 Gruppius
1245 702 1422 745 eandem
1460 716 1551 745 non
1577 704 1788 759 poeticam
1819 717 1939 754 esse,
1976 704 2053 746 sed
2082 704 2297 761 vulgarem

138 775 422 833 putatsHaec
445 775 652 830 argutius,
681 787 808 828 quam
837 773 983 813 verius
1004 771 1206 813 videntur
1234 770 1448 827 explicata.
1478 771 1573 827 Ego
1595 785 1705 827 quos
1730 771 1949 814 sollicitos
1965 787 2131 829 pro‘se
2156 774 2300 831 puella

138 845 283 896 dicits
307 843 584 887 admiratores
626 843 718 884 eius
751 841 930 898 intelligi
962 854 1089 897 posse
1119 853 1208 881 non
1241 839 1370 882 modo
1396 853 1489 882 non
1522 853 1656 895 nego,
1692 839 1768 881 sed
1807 839 1861 882 ab
1900 847 2089 884 amatore
2118 842 2299 901 intelligi

136 912 330 956 voluisse
359 911 590 968 Sulpiciam
620 910 816 953 arbitror.
848 911 961 952 Nam
991 907 1177 966 gloriose
1206 908 1417 966 loquitur,
1449 915 1495 951 ut
1522 907 1676 965 perfidi
1705 910 1826 950 amici
1853 910 2014 951 animus
2039 910 2298 955 mordeatur.

137 981 312 1024 Revera
342 987 483 1023 autem
523 978 625 1021 dicit
654 985 854 1034 parentes
893 993 942 1019 ac
970 979 1263 1030 necessarios,
1300 977 1458 1034 quibus
1494 992 1544 1020 ea
1572 978 1747 1019 maxima
1785 977 1947 1020 doloris
1985 992 2134 1021 caussa
2166 987 2298 1033 esset,

139 1048 260 1107 quod
299 1055 383 1091 tam
412 1046 571 1090 nobilis
598 1046 751 1104 puella
781 1052 883 1088 toro
915 1048 1074 1103 ignoto
1116 1045 1273 1088 cedere
1310 1048 1336 1088 i.
1369 1061 1403 1088 e.
1435 1047 1595 1088 homini
1637 1047 1783 1103 ignoto
1814 1045 1981 1088 nubere
2012 1047 2142 1091 vellet
2171 1048 2298 1103 (vide

139 1118 330 1162 Huschk.
358 1118 412 1161 ad
442 1118 482 1160 h.
512 1116 583 1170 l.).
639 1118 787 1172 Itaque
816 1130 896 1172 pro
927 1114 1078 1157 dolori
1106 1120 1174 1156 est
1202 1114 1286 1170 legi
1315 1114 1455 1156 malim
1487 1113 1670 1156 doloris.
1714 1113 1840 1156 Ordo
1870 1113 2102 1158 verborum
2131 1125 2299 1174 pertur-

136 1186 266 1230 batus
297 1187 566 1229 commotiori
595 1186 736 1227 animo
774 1184 944 1241 puellae
976 1185 1191 1226 convenit.
1237 1184 1396 1226 Totum
1427 1180 1594 1226 carmen
1623 1186 1762 1240 patrio
1793 1199 1989 1227 sermone
2023 1187 2084 1227 sic
2113 1185 2298 1242 explico:

136 1256 192 1298 Ei
219 1255 340 1298 recht
370 1254 701 1298 dankenswerth
730 1255 802 1305 ist,
832 1267 920 1295 was
951 1252 1010 1295 du
1034 1255 1198 1294 meiner
1225 1253 1358 1295 sehon
1385 1252 1520 1309 vollig
1547 1253 1686 1295 sicher
1716 1253 1782 1295 dir
1810 1259 2074 1305 verstattest,
2103 1253 2200 1296 dass
2228 1254 2298 1297 ich

137 1323 254 1367 nicht
283 1320 344 1366 als
376 1327 471 1367 eine
495 1336 643 1380 grosse
665 1322 830 1363 'Pharin
859 1328 1119 1363 unerwartet
1150 1320 1261 1363 falle.
1299 1322 1403 1378 Mag
1432 1322 1650 1363 immerhin
1682 1321 1779 1364 dein
1811 1322 1926 1364 Herz
1956 1336 2010 1364 zu
2040 1325 2156 1365 einer
2176 1324 2298 1380 Toga

138 1392 230 1436 und
258 1407 347 1435 von
378 1392 457 1435 der
485 1391 587 1433 Last
617 1391 695 1433 des
719 1388 987 1432 Wollkorbs
1014 1389 1277 1446 gedriickten
1305 1391 1445 1432 Dirne
1478 1391 1596 1433 mehr
1626 1391 1712 1432 sich
1744 1391 2009 1447 hingezogen
2038 1380 2201 1443 fiihlen,
2234 1391 2297 1434 als

137 1476 194 1505 zu
222 1461 299 1505 des
322 1461 499 1503 Servius
522 1460 712 1502 Tochter
733 1458 938 1515 Sulpicia:
969 1459 1166 1516 besorgte
1188 1459 1344 1502 Seelen
1377 1459 1523 1501 finden
1555 1461 1642 1501 sich
1671 1459 1739 1501 fiir
1768 1462 1901 1511 mich,
1932 1459 2077 1502 denen
2107 1460 2181 1502 das
2211 1460 2299 1504 den

137 1536 332 1588 grossten
360 1530 571 1572 Kummer
606 1529 774 1580 macht,
812 1527 880 1570 ich
917 1529 1086 1574 mochte
1123 1528 1321 1582 unedlem
1350 1528 1676 1571 Ehebfindnisse
1714 1544 1808 1570 zum
1841 1528 1984 1585 Opfer
2019 1529 2209 1572 werden.
2240 1553 2298 1561 --

138 1598 192 1642 C.
223 1599 295 1641 xl.
348 1596 479 1651 Quod
513 1612 623 1640 mea.
672 1597 875 1638 Heinsius
917 1596 1022 1639 dum
1062 1596 1331 1648 emendavit,
1376 1596 1430 1638 ad
1469 1598 1589 1639 cuius
1632 1596 1940 1638 emendationis
1979 1596 2298 1640 similitudinem

135 1667 328 1724 proxime
356 1665 520 1708 accedit
557 1667 766 1721 scriptura
794 1663 889 1707 eod.
921 1666 1049 1707 Voss,
1082 1666 1118 1705 l.
1150 1678 1298 1722 quum.⁴
1335 1665 1520 1722 Vulgata
1550 1668 1624 1723 qui
1660 1667 2020 1707 constructionem
2055 1665 2298 1722 impedit-io-

135 1751 226 1779 rem
255 1734 413 1786 reddit,
441 1749 568 1791 quam
596 1742 644 1778 ut
673 1748 753 1790 pro
785 1748 982 1789 germana
1012 1736 1220 1790 scriptura
1249 1733 1444 1776 habenda
1474 1736 1537 1776 sit.
1560 1734 1725 1790 ·itaque
1757 1733 2048 1776 Lachmannus
2079 1741 2122 1776 et
2149 1735 2298 1778 Disse-

134 1805 488 1848 niusaservarunt
516 1802 641 1861 quod
668 1806 694 1845 i.
725 1817 763 1845 e.
792 1804 838 1844 in
870 1803 1016 1859 Bezug
1047 1802 1216 1854 darauf,
1248 1802 1426 1845 deshalb
1456 1803 1568 1845 weil.
1622 1803 1777 1844 Recte:
1807 1802 1884 1844 sed
1916 1817 1993 1844 eur
2022 1810 2204 1859 uterque
2231 1806 2298 1846 vir

137 1873 291 1917 doctus
317 1872 523 1930 virgulam
552 1879 652 1929 post
678 1886 828 1914 vocem
854 1871 1033 1930 puellae
1061 1885 1150 1913 non
1173 1874 1394 1926 posuerit,
1433 1886 1527 1913 cum
1557 1873 1601 1913 in
1632 1885 1758 1913 unam
1787 1866 2037 1914 sententiam
2067 1870 2173 1914 haec
2202 1875 2298 1930 cogi

134 1956 226 1986 non
245 1943 431 1998 possint,
459 1955 550 1983 non
570 1942 795 1997 perspicio.
824 1939 874 1982 In
905 1953 1033 1996 prosa
1064 1941 1261 1981 oratione
1281 1948 1398 1981 certe
1419 1939 1691 1982 scribendum
1724 1939 1874 1982 fuisset
1897 1942 2021 1982 cuius
2040 1952 2216 1998 corpus.
2240 1965 2294 1975 -

123 2011 283 2066 fessa:
314 2009 425 2052 conf.
452 2010 602 2052 Horat.
634 2009 686 2053 C.
718 2009 762 2051 S.
792 2009 848 2050 63
888 2015 930 2051 et
960 2006 1121 2050 Tibull.
1151 2007 1191 2059 I,
1221 2007 1270 2060 5,
1308 2008 1347 2050 9.
1377 2032 1432 2039 -
1472 2023 1511 2049 V.
1541 2009 1580 2050 5.
1627 2008 1786 2050 Statius
1824 2016 1866 2051 et
1896 2008 2086 2066 Scaliger
2123 2025 2173 2052 ex
2207 2012 2296 2052 suis

134 2078 257 2123 libris
286 2078 500 2122 dederunt
528 2077 619 2120 Ah.
647 2077 943 2129 Broukhusio‚
975 2077 1171 2133 Heynio‚
1202 2076 1388 2133 Vulpio,
1420 2076 1643 2120 Huschkio
1674 2076 1900 2135 probatum
1931 2085 1994 2121 est
2021 2093 2144 2130 nam,
2175 2078 2296 2136 quod

133 2148 346 2205 reperitur
379 2149 424 2189 in
454 2145 552 2188 Ald.
609 2146 681 2188 At
721 2160 771 2188 ex
801 2145 948 2188 Cuiac.
982 2146 1079 2188 Vet.
1113 2145 1406 2187 Lachmannus
1445 2153 1487 2187 et
1518 2146 1740 2188 Dissenius
1779 2148 2067 2190 restituerunt.
2124 2147 2294 2191 Etenim

135 2217 345 2260 sententia
376 2222 459 2257 est:
495 2214 540 2258 id
574 2221 679 2271 opto
697 2247 709 2265 ,
737 2216 838 2271 quia
866 2221 973 2270 puto
1005 2221 1046 2256 te
1075 2216 1132 2256 ita
1161 2214 1258 2256 fieri
1285 2214 1415 2256 velle:
1454 2222 1497 2256 at
1527 2217 1561 2257 si
1590 2229 1712 2257 secus
1746 2221 1884 2267 esset,
1913 2229 2015 2272 ergo
2043 2218 2079 2258 si
2106 2231 2173 2258 me
2203 2200 2295 2260 non

137 2299 325 2337 amares,
354 2283 524 2327 nollem.
582 2284 719 2326 Recte
749 2290 886 2325 autem
918 2282 1162 2325 Huschkius
1188 2285 1354 2325 monuit
1381 2290 1516 2325 totum
1546 2282 1590 2324 id
1622 2282 1832 2325 distichon
1859 2298 1952 2326 esse
1981 2287 2103 2341 quasi
2132 2284 2292 2328 οἷνακε-

135 2351 388 2409 φαλαίωσιν
430 2353 521 2394 sive
564 2350 799 2408 elegantem
838 2353 1163 2394 conversionem
1193 2351 1368 2393 distichi
1414 2353 1658 2407 superioris.
1720 2351 1999 2409 Quapropter
2032 2353 2211 2396 Dousae
2251 2360 2295 2397 et

134 2423 317 2466 Heinsio
352 2421 591 2471 consentit,
628 2418 900 2462 scribendum
941 2434 1032 2462 esse
1065 2422 1104 2462 si
1141 2426 1200 2462 tu.
1254 2418 1375 2461 Libri
1404 2421 1811 2462 nimirum-variant:
1847 2422 1892 2462 in
1920 2420 2012 2463 aliis
2042 2421 2115 2464 ubi
2143 2428 2210 2473 tu,
2247 2424 2294 2466 in

134 2491 229 2534 aliis
259 2487 367 2548 quid
395 2495 463 2538 tu,
491 2502 598 2530 nam
628 2494 698 2538 tu,
728 2501 861 2544 quum
889 2494 938 2530 tu
959 2487 1124 2544 legitur.
1147 2513 1200 2521 —
1222 2486 1358 2531 lento.
1389 2488 1500 2531 conf.
1520 2489 1716 2545 Propert,
1739 2488 1777 2541 1,
1809 2490 1883 2541 15,
1912 2490 1958 2532 4:
1989 2491 2057 2532 Tu
2077 2497 2219 2533 tamen
2247 2493 2294 2534 in

134 2566 289 2603 nostro
319 2558 432 2600 lenta
461 2559 613 2599 timore
641 2557 775 2598 venis.
806 2558 851 2608 6,
883 2556 948 2598 12.
979 2556 1046 2598 Ah
1079 2564 1247 2613 pereat,
1278 2560 1311 2599 si
1343 2560 1438 2614 quis
1462 2557 1602 2600 lentus
1633 2573 1772 2602 amare
1801 2566 1955 2616 potest.
1974 2585 2026 2594 —
2049 2558 2101 2603 C.
2122 2560 2213 2602 Xll.
2242 2560 2294 2603 111

133 2630 273 2686 primo
300 2640 431 2668 versu
458 2627 541 2667 sim
568 2626 831 2667 verissimum
862 2632 936 2668 est.
991 2626 1105 2668 Nam
1138 2627 1217 2667 etsi
1243 2628 1302 2668 sit
1331 2626 1432 2668 ferri
1458 2634 1622 2682 posset,
1654 2629 1689 2669 si
1719 2629 1764 2668 in
1794 2634 2071 2684 pentametro
2089 2630 2292 2684 scriptum

132 2702 250 2741 esset
277 2692 436 2744 video,
473 2700 611 2735 tamen
648 2705 703 2734 ne
741 2693 803 2734 sic
841 2692 1013 2748 quidem
1049 2694 1190 2735 omnia
1228 2706 1328 2736 sana
1367 2694 1535 2739 forent:
1581 2694 1896 2738 desideraretur
1935 2697 2046 2738 enim
2084 2697 2292 2752 genitivus

133 2766 230 2808 mei.
289 2762 551 2818 Scripturam
589 2767 682 2803 tam
711 2775 795 2803 vox
822 2762 1013 2817 proxime
1051 2760 1261 2804 collocata
1298 2775 1437 2821 aeque
1477 2763 1691 2805 convellit.
1751 2762 1996 2819 Legendum
2034 2764 2161 2819 igitur
2189 2766 2291 2808 iam.

132 2832 199 2875 Ita
228 2833 369 2874 omnia
398 2829 527 2887 plana
566 2836 607 2872 et
636 2829 830 2886 expedita
859 2836 970 2872 sunt.
1028 2829 1114 2871 Pro
1145 2844 1200 2872 ac
1236 2832 1289 2872 in*
1309 2832 1456 2887 paucis
1493 2830 1613 2873 libris
1642 2831 1752 2883 (vid.
1784 2830 1973 2873 Huschk.
2003 2830 2056 2873 ad
2086 2832 2132 2875 h.v
2154 2831 2214 2886 l.)
2236 2841 2293 2879 ut

130 2902 337 2957 scriptum
366 2905 443 2941 est.
505 2897 625 2954 Quin
656 2900 713 2940 ita
743 2896 824 2940 dici
852 2900 1005 2954 possit,
1035 2897 1166 2940 hodie
1194 2911 1320 2940 nemo
1352 2898 1530 2941 dubitat.
1564 2906 1607 2942 at
1636 2899 1767 2942 altera
1794 2901 2002 2955 scriptura
2035 2906 2077 2942 et
2105 2904 2293 2945 auctori-

129 2975 220 3012 tate
248 2966 457 3010 librorum
489 2965 765 3009 confirmatur
797 2972 840 3008 et
868 2968 958 3022 ipsa
987 2979 1068 3023 per
1094 2980 1140 3009 se
1166 2966 1302 3009 multo
1331 2974 1394 3010 est
1422 2967 1584 3011 melior.
1624 2967 1739 3010 Vide
1770 2967 1909 3010 Hand.
1940 2966 1995 3012 ad
2023 2968 2291 3018 Tursessvfle
