2462 3112
1213 105 1286 145 xl<

153 221 468 280 sum-»qnae
490 234 586 276 μου
610 219 746 263 mdo
770 220 820 262 iis
851 218 986 271 locis„
1010 233 1122 276 quos
1152 217 1375 275 Vulpius,·
1392 219 1591 275 Heynius
1621 223 1664 261 et
1693 218 1941 262 Huschkius
1971 218 2333 271 mutamus&

164 293 405 335 ‘fiturum
423 288 827 346 loquendifirmata
856 303 908 330 ac
935 290 1096 341 munita
1113 294 1197 331 aest.
1231 287 1379 342 Quid?
1406 301 1463 329 ne
1492 294 1580 330 tum
1605 286 1798 344 quidem,
1829 289 1883 338 si,
1910 289 2021 330 sicut
2049 286 2334 344 spessfama,

164 357 600 411 vua,avvffl1ntates=,
643 356 756 399 bella
792 356 942 400 foveri
962 357 1205 407 dicuntur„
1241 357 1302 396 sic
1331 354 1558 399 diceretur<
1577 354 1781 398 morbum
1811 362 1892 398 aut
1921 354 2331 410 dolores->foveret

164 426 437 483 mumpotius
464 424 721 468 ¹habendum
754 432 877 467 esset¹
891 424 1091 479 favere,
1132 438 1259 480 quam
1278 423 1460 478 fovere.
1511 424 1592 466 Est
1630 426 1742 466 enim
1779 422 1877 481 plus
1906 423 2149 480 cupiditatis
2182 426 2229 467 in
2247 423 2333 478 fa·

163 492 489 549 *def-quam
518 491 882 547 in.fovendo.·-
913 492 1274 536 coniunctionem
1304 506 1403 534 cum
1432 492 1659 534 Dissenius
1690 492 1792 534 dicit
1821 499 2050 552 propterea
2079 506 2174 535 esse
2202 494 2334 550 gemi-

161 552 492 618 nann25.3quod
520 559 814 603 verbis-iuvat
841 562 935 617 ipse
965 559 1103 603 dolor
1133 559 1282 602 eadem
1311 562 1519 602 sententia
1550 558 1689 602 subsit
1710 594 1720 612 ,
1756 572 1868 617 quae
1898 559 2040 603 verbis
2068 560 2224 604 morbo
2244 560 2331 615 fa-

162 630 375 675 vootsed*
400 629 556 672 mahts
575 628 824 684 ἐμφατικαῖς
854 628 1019 679 adiecta
1042 642 1150 670 esse.
1172 627 1338 679 Video,
1365 628 1468 684 quid
1500 629 1611 671 dicat
1635 631 1702 670 vir
1730 627 1902 671 doctus:
1931 628 2031 681 sed,
2060 630 2207 672 nescio
2239 643 2329 686 quo

162 699 295 742 modo
325 697 482 742 adduci
509 711 600 741 non
629 711 822 753 possum,
853 704 907 739 ut·
931 696 1118 747 credam,
1147 695 1258 737 hanc
1284 711 1375 739 esse
1403 711 1572 738 manum
1603 696 1780 739 Tibulli.
1817 697 1994 739 Mallem
2022 699 2242 754 scriptum:
2259 698 2331 739 Et

163 767 266 810 mihi
302 769 563 824 praecipue,
599 769 722 808 iaceo
763 768 837 822 qui
873 768 1044 808 saucius
1082 778 1240 806 annum
1281 771 1323 806 et
1360 764 1483 807 faveo
1522 764 1678 807 morbo
1697 798 1709 818 ,
1745 765 1864 822 quod
1902 767 2020 807 iuvat
2055 768 2148 822 ipse
2187 765 2330 808 dolor.

165 835 460 892 anneeano
491 837 711 878 Nemesim
747 843 824 878 cet.
854 858 909 868 —
958 851 996 878 v,
1030 835 1123 876 116.
1168 831 1334 890 oppida
1367 835 1486 875 victa
1533 832 1757 875 commode
1794 835 1995 889 componi
2031 840 2213 890 possunt
2249 846 2330 875 ex-

163 905 379 962 pugnati-5
409 903 594 960 populis.
647 903 764 945 Vide
796 903 974 944 Walch.
1003 902 1059 944 ad
1090 903 1223 944 Tacit.
1254 901 1392 956 Agric.
1422 916 1463 956 p.
1485 901 1580 943 400.
1602 924 1657 935 -
1690 901 1740 945 C.
1769 902 1846 943 VI.
1876 907 2026 944 terrae
2053 904 2138 944 via.
2188 901 2332 957 Quem

164 970 412 1014 Huschkius
440 972 627 1016 contulit
648 971 803 1014 ¹locum
843 972 883 1022 1,
911 971 959 1022 3,
995 971 1071 1020 36,
1109 972 1144 1012 is
1170 983 1259 1012 non
1288 971 1438 1024 magis,
1474 984 1602 1025 quam
1631 969 1764 1012 verba
1794 970 1963 1012 Horatii
1997 969 2074 1022 (C.
2105 969 2166 1021 ΙΙ,
2196 969 2242 1020 6,
2273 970 2330 1022 7,)

164 1045 243 1082 aut
265 1039 419 1083 Ovidii
449 1041 590 1093 (Fast.
619 1041 660 1091 1,
691 1042 768 1092 4),
791 1042 868 1090 iis,
898 1054 1010 1096 quae
1033 1039 1111 1081 *hic
1138 1038 1356 1095 leguntur,
1391 1041 1629 1093 comparari
1660 1045 1817 1094 potest.
1859 1037 1920 1080 ,V
1917 1041 1961 1081 ia
1992 1045 2143 1081 terrae
2171 1038 2331 1081 dictum

166 1115 257 1158 est,
296 1115 347 1151 ut
372 1111 527 1152 -maris'
556 1111 641 1151 via·
664 1108 804 1161 (conf.
847 1108 931 1150 Ov.
969 1107 1028 1149 XI
1064 1107 1170 1148 Met.
1211 1107 1334 1157 747).
1373 1130 1428 1138 —-
1466 1121 1505 1148 v.
1536 1106 1575 1148 8.
1630 1106 1734 1163 Ipse
1777 1105 1918 1148 levem
1957 1106 2093 1164 galea
2139 1106 2214 1164 qui
2248 1104 2333 1148 sibi

162 1180 317 1234 portet
344 1192 519 1235 aquam.
579 1178 762 1219 Vossius
793 1184 835 1218 et
864 1175 1165 1218 Broukhusius
1196 1174 1395 1232 legerunt
1429 1174 1514 1217 levi
1543 1175 1691 1233 galea.
1741 1175 1798 1216 At
1826 1174 1988 1232 galeae
2018 1174 2234 1231 epitheton
2266 1180 2332 1217 est

165 1245 543 1288 lavisanissenius
569 1245 711 1288 levem
741 1260 905 1302 aquam
935 1243 1115 1286 contulit
1143 1244 1228 1285 levi
1252 1246 1369 1286 vino.
1400 1243 1507 1285 Plin.
1533 1244 1633 1285 Nat.
1656 1243 1766 1285 Hist.
1787 1243 1864 1293 23,
1892 1243 1960 1284 32.
1990 1243 2245 1286 levissimum
2267 1249 2333 1285 est

165 1316 396 1368 Quinum),
433 1313 553 1371 quod
588 1314 813 1356 celerrime
842 1316 1118 1355 inveteratur.
1177 1314 1233 1354 At
1262 1319 1313 1354 ut
1342 1319 1555 1354 nostrates
1590 1311 1738 1353 dicunt
1774 1311 1979 1354 »leichter
2008 1312 2206 1362 Wein«,
2241 1325 2332 1354 non

162 1383 265 1424 inem
307 1381 514 1426 »leichtes
543 1382 786 1433 Wasser«,
831 1385 889 1423 ita
938 1383 1064 1423 etiam
1102 1381 1234 1422 latine
1274 1380 1357 1422 dici
1393 1387 1501 1436 puto
1540 1382 1691 1422 vinum
1728 1379 1853 1432 leve,
1893 1376 2047 1436 aquam
2085 1394 2175 1423 non
2214 1382 2331 1423 item.

163 1448 329 1492 Facete*
361 1453 492 1508 igitur
529 1467 579 1494 ac
614 1454 763 1494 iocose
801 1467 963 1509 aquam
1001 1458 1132 1507 poeta
1164 1474 1218 1484 —
1250 1451 1437 1492 oderunt
1464 1451 1573 1492 enim
1604 1455 1760 1504 poetae
1792 1463 1944 1504 aquam
1976 1471 2030 1481 —
2062 1448 2203 1491 levem
2232 1447 2336 1491 dixit

163 1517 361 1573 pmmiii.
400 1519 654 1575 ‚Epitheton
682 1527 941 1575 perpetuum
970 1533 1049 1560 seu
1078 1532 1237 1560 ornans
1268 1533 1358 1560 non
1389 1526 1461 1560 est.
1494 1518 1624 1561 Conf.
1652 1524 1791 1559 tamen
1823 1516 1968 1559 Iacob.
2001 1517 2197 1573 Quaestt.
2228 1517 2334 1573 epic.

163 1599 258 1641 pag.
286 1586 356 1628 43.
389 1611 440 1620 --
469 1586 558 1629 Sibi
582 1594 736 1644 portet
767 1578 974 1642 intelligo
992 1601 1144 1642 aquam
1176 1600 1225 1628 ex
1254 1585 1430 1626 flumine
1459 1585 1674 1634 haustam,
1706 1589 1753 1624 ut
1778 1583 2047 1640 Polystratus
2075 1584 2149 1627 ille
2180 1584 2333 1638 (Curt.

165 1654 231 1704 M,
262 1653 354 1706 13)
373 1653 493 1710 galea
524 1654 719 1696 haustam<
752 1668 904 1709 aquam
936 1654 1095 1696 sorbet.
1128 1654 1252 1696 aliter
1283 1654 1526 1703 Dissenius,
1567 1666 1693 1707 quem
1723 1650 1810 1694 vid.
1843 1651 1897 1694 ad
1928 1652 1967 1694 h.
1998 1652 2025 1694 l.
2081 1651 2200 1693 Dicit
2229 1664 2332 1692 saue

164 1726 338 1778 ponta„
364 1729 415 1765 ut
439 1723 602 1779 pridem
635 1724 835 1779 Heynius
867 1721 1154 1778 explicaverat
1172 1753 1182 1771 ‚
1218 1722 1483 1779 gregarium
1513 1718 1706 1760 militem.
1738 1739 1792 1749 —
1822 1733 1862 1759 v.
1895 1718 1960 1761 10.
1996 1724 2044 1760 et
2071 1716 2176 1760 mihi
2192 1716 2335 1770 sacta

166 1788 384 1832 tuba-est.
444 1791 608 1846 Lepide
639 1790 823 1841 dictum,
854 1793 889 1832 si
920 1789 1197 1845 quidvideo.
1253 1788 1514 1843 Congruunt
1543 1789 1620 1828 ista
1651 1801 1745 1828 cum
1776 1787 1896 1827 inani
1925 1788 2052 1828 animi
2083 1788 2334 1836 iactatione,

166 1872 251 1914 qua
277 1858 669 1901 sedata-Tibullus:
699 1873 867 1915 magna,
897 1859 1052 1913 inquit,
1083 1857 1264 1913 loquor,
1295 1857 1371 1898 sed
1399 1853 1624 1911 magnifice
1645 1855 1744 1896 mihi
1766 1867 1916 1910 magna
1944 1853 2093 1896 locuto
2117 1856 2337 1897 excutiunt

167 1926 339 1974 densae
373 1927 504 1969 fortia
532 1926 665 1969 verba
703 1927 832 1968 fores.
884 1926 1032 1982 Itaque
1067 1939 1148 1967 nec
1185 1924 1352 1981 placet,
1393 1922 1513 1980 quod
1543 1923 1744 1964 Muretus
1783 1936 1832 1963 ex
1864 1924 2012 1978 paucis
2050 1921 2172 1964 libris
2216 1921 2336 1965 dedit

165 2002 341 2053 grata,.
364 2003 406 2038 et
434 1995 570 2038 multo
602 1997 724 2037 etiam
757 1995 944 2037 deterius
977 2002 1063 2044 est,
1093 1992 1212 2050 quod
1243 1994 1440 2048 I-leynius
1472 1992 1653 2033 coniecit
1671 1990 1809 2042 flata.
1839 1989 1996 2043 fortia
2026 1997 2168 2032 autem
2195 1988 2335 2032 verba

165 2063 318 2106 facete-
343 2063 472 2116 dieit,
510 2066 611 2120 quia
645 2063 768 2105 miles
807 2063 978 2105 futurus
1019 2069 1081 2105 est
1113 2070 1153 2103 et
1182 2060 1383 2103 bellicam
1413 2062 1610 2102 virtutem
1640 2073 1744 2114 prae
1784 2073 1830 2100 se
1866 2058 1963 2100 fert.
2003 2058 2114 2101 conf.
2145 2057 2185 2110 I,
2215 2059 2264 2108 5,
2292 2057 2334 2101 2.

169 2131 435 2176 Ovfid.›Met.
466 2132 570 2184 Vll,
602 2133 669 2175 76.
705 2131 855 2188 Virgilss
887 2132 925 2182 1,
962 2131 1032 2172 27.
1064 2130 1218 2179 (fortia
1250 2131 1475 2185 corpora).
1538 2125 1742 2170 Grandia
1777 2128 1904 2183 igitur
1941 2126 2024 2169 hoc
2059 2126 2160 2169 loco
2195 2128 2334 2169 minus

167 2207 314 2257 aptum
354 2208 439 2244 est.-
480 2201 583 2243 Vid.
615 2200 805 2242 Huschk.
837 2200 891 2241 ad
928 2199 968 2240 h.
997 2199 1023 2241 l.
1063 2224 1116 2232 —
1152 2214 1194 2240 v.
1236 2198 1301 2239 13.
1361 2196 1514 2238 Iar-avi
1553 2197 1760 2253 quotiens
1799 2193 2048 2236 rediturum
2084 2194 2148 2237 ad
2182 2194 2335 2237 limina

167 2283 409 2327 nmquam.
432 2270 503 2311 ,de
541 2271 698 2311 omisso
738 2270 982 2310 accusativo
1018 2269 1284 2324 pronominis
1321 2271 1583 2307 monuerunt
1619 2262 1811 2305 Huschk.
1843 2263 1896 2304 ad
1927 2262 1966 2305 h.
1994 2263 2041 2314 1.,
2077 2264 2249 2307 Dissen.
2278 2263 2335 2306 ad

167 2337 284 2391 1„·-3,
304 2337 374 2379 27.
403 2336 631 2383 Ruhnken.
652 2337 706 2379 ad
726 2336 857 2378 Rutil.
879 2336 988 2392 Lup.
1011 2351 1050 2392 p.
1075 2335 1168 2377 112.
1201 2334 1325 2377 Adde
1345 2333 1519 2375 Anthol.
1545 2332 1626 2383 ΙΙΙ,
1646 2333 1721 2383 82,
1752 2333 1827 2373 50:
1855 2333 2043 2388 speravit
2071 2333 2336 2389 (Pasiphae)

169 2412 298 2453 torvo
327 2419 457 2462 posse
486 2405 656 2461 placere
687 2405 803 2447 bovi.
830 2428 884 2437 —
914 2420 954 2446 v.
987 2405 1052 2446 15.
1083 2404 1211 2446 Acer
1226 2404 1386 2454 Amor,
1405 2402 1595 2456 fractas
1625 2404 1796 2444 utinam
1826 2407 1905 2442 tua
1935 2400 2027 2443 tela
2054 2403 2269 2459 sagittas,
2295 2402 2337 2444 si

168 2473 299 2525 licet,
337 2476 563 2516 extinctas
592 2475 890 2530 aspiciamque
908 2472 1060 2525 faces.
1086 2472 1209 2513 'Non
1240 2485 1350 2526 opus
1382 2477 1473 2520 est,
1509 2485 1712 2522 monere,
1752 2469 1842 2511 tela
1875 2476 1917 2511 et
1945 2472 2115 2525 sagittas
2147 2477 2191 2512 et
2219 2469 2335 2512 faces

170 2555 276 2594 ese.
306 2542 452 2598 Quam
484 2555 589 2583 vero
620 2543 869 2597 scripturam
897 2541 1218 2591 Broukhusius‚
1250 2540 1450 2595 Heynius
1482 2546 1524 2580 et
1555 2538 1802 2580 Huschkius
1832 2545 2091 2593 receperunt
2117 2537 2256 2589 ilicet,
2285 2552 2339 2580 ea

170 2623 262 2661 non
290 2613 420 2666 magis
450 2609 628 2667 probari
657 2615 828 2666 potest,
868 2624 994 2666 quam
1033 2623 1146 2665 quae
1191 2615 1255 2649 est
1283 2607 1465 2649 aliorum
1495 2606 1704 2649 librorum
1733 2606 1913 2649 scilicet.
1974 2607 2111 2648 Poeta
2140 2608 2339 2649 nimirum

170 2678 379 2735 religione
408 2679 590 2734 quadam
615 2681 820 2734 tangitur:
854 2668 939 2734 qua
959 2677 1014 2720 de
1043 2691 1191 2719 caussa
1221 2677 1367 2717 statim.
1385 2678 1588 2731 impetum
1611 2676 1739 2717 animi
1761 2680 1949 2725 excusat,
1980 2687 2068 2729 quo
2098 2681 2338 2716 commotus

171 2747 279 2790 baec
305 2745 444 2789 verba
475 2748 704 2789 iactaverit.
760 2747 910 2802 ltaque
939 2753 1006 2796 tu,
1050 2746 1207 2801 inquit,
1245 2758 1314 2785 me
1344 2743 1451 2784 mihi.
1475 2743 1567 2785 dira
1597 2746 1766 2800 precari
1796 2744 1912 2798 cogis
1950 2748 1992 2783 et
2020 2743 2168 2783 insana
2197 2748 2340 2785 mente

170 2815 358 2859 nefanda
389 2815 521 2871 loqui.
550 2823 607 2849 -'·-
635 2831 676 2858 v.
705 2816 773 2857 20.
807 2815 935 2857 Ordo
965 2815 1197 2858 verborum
1226 2816 1269 2856 in
1296 2813 1462 2869 aliquot
1489 2811 1610 2854 libris
1639 2811 1748 2853 alius
1780 2818 1866 2858 est;
1897 2809 2011 2851 haud
2043 2808 2175 2851 dubie
2202 2809 2340 2853 multa-

171 2893 272 2936 tus·r
307 2892 357 2927 ut
390 2898 666 2926 numerorum
707 2886 903 2926 suavitati
943 2884 1251 2926 consuleretur.
1307 2882 1501 2932 Verum,
1530 2888 1578 2922 ut
1605 2887 1722 2922 recte
1751 2878 1858 2920 vidit
1888 2876 2159 2928 Huschkius,
2182 2879 2246 2920 ju
2274 2878 2338 2925 his

171 2952 277 3011 ipsis
306 2951 449 2995 verbis
468 2986 479 3004 ,
511 2966 629 3009 quae
648 2954 942 3008 posteriorem
973 2953 1223 3007 pentametri
1252 2957 1419 3006 partem
1448 2954 1627 2999 tenent,
1673 2953 1801 3004 caput
1831 2953 1896 2988 est
1926 2948 2055 2989 totius
2086 2948 2342 2991 sententiae.

1797 3014 1824 3053 2
1850 3015 1877 3042 a
