2462 3112
1142 63 1269 118 xxv

115 199 280 256 &22²
303 199 552 245 cataliuseu
587 202 922 249 13111ν311115133
950 197 1126 255 puellae
1153 211 1270 240 nunc
1309 195 1429 239 dives
1468 194 1791 249 amator-adsit.
1849 194 2125 238 Voca‘bulum
2153 194 2305 255 devo-v

113 271 222 314 m
248 266 603 327 poenaleomulto
622 269 899 311 commutavit
919 281 1015 310 cum
1037 266 1174 310 verbo
1198 280 1383 321 nocere,
1413 278 1502 321 quo
1529 263 1709 306 effectus
1732 263 1995 316 devotionis,
2026 277 2176 306 caussa
2198 263 2291 306 lan-

69 344 72 346 ’
113 339 260 396 guoffi
284 328 627 381 etzlassitudinis
652 349 761 379 suae·
784 338 1038 393 aper-iretur.
1078 335 1243 378 Afflixit
1266 340 1406 378 autem
1437 340 1607 390 poetam
1639 331 1757 375 dives
1789 339 1970 378 amator:
1999 334 2131 389 magis
2162 335 2289 375 etiam

111 408 242 451 affl
282 405 401 458 lena,
444 419 556 467 quae
588 402 691 456 'eum
729 407 845 447 omni
882 404 1020 447 aditu¹
1040 404 1229 447 exclusit.
1288 403 1452 446 Iccirco
1485 408 1528 445 et
1560 402 1745 444 exitium
1774 402 1965 457 scripsit,
2004 399 2123 457 quod
2152 402 2290 443 maius

108 475 267 520 nidum
310 482 396 530 est,
446 482 490 519 et
534 477 677 519 omisit
716 474 968 532 particulam
1011 472 1312 530 copulativam.
1378 471 1503 514 Iuvat
1542 477 1680 513 totum
1723 469 1867 512 locum
1908 470 2046 526 patrio
2089 483 2290 513 sermone

109 543 342 602 explicare.
387 544 459 587 Da
487 551 649 587 nannte
681 544 793 587 mich
822 542 938 586 beim
967 542 1231 599 Weggehen
1263 539 1339 582 das
1367 538 1508 587 Weib
1541 540 1670 581 einen
1702 536 1937 580 behexten:
1972 536 2064 598 und
2099 539 2162 579 sie
2192 551 2288 594 mag
2321 569 2324 571 -

106 622 221 656 uum?
232 612 425 682 glauben
460 613 566 656 und
591 627 738 671 sagen,
778 611 856 655 auf
882 605 1217 654 Zauberkiinste
1253 607 1453 651 verstehe
1496 607 1597 649 sich
1618 609 1760 649 meine
1793 605 2007 648 Geliebtc.
2065 605 2158 648 Das
2192 606 2289 649 thut

109 682 184 725 sie
207 678 326 725 nieht
362 684 438 725 mit
474 682 689 734 Wor'ten,
726 684 828 724 nein
864 682 939 723 mit
974 680 1070 723 dem
1108 678 1400 721 Gesichtchen
1437 675 1528 720 und
1566 675 1652 718 den
1687 683 1834 718 zarten
1865 676 2024 717 Armen
2059 674 2152 717 und
2190 674 2290 718 dem

33 799 38 805 ι
105 745 304 797 blon’den
329 749 474 793 Haam
502 749 740 794 bezaubert
766 751 879 793 mein
901 749 1147 792 Madchen:.
1170 749 1233 790 sie
1263 761 1370 804 ganz
1399 759 1470 797 so,
1500 747 1584 787 wie
1614 745 1761 787 Thetis
1793 745 1901 786 eiust
1928 758 2040 796 war,
2070 743 2140 786 die
2161 743 2289 787 Mee-

106 819 387 876 reenymphe,
417 819 489 862 die
517 819 710 862 Tochter
739 818 821 862 des-
845 819 1041 869 Nereus,
1073 816 1136 859 als
1165 818 1226 859 sie
1256 814 1334 857 auf
1361 814 1459 856 dem
1484 812 1669 855 Riicken
1701 815 1816 855 eines
1840 812 2053 869 Delphins
2082 812 2174 854 sich
2201 818 2289 856 tra-

107 899 214 943 gen
220 886 321 929 11355
352 902 450 930 zum
474 882 794 933 Hamonischen
814 886 984 930 Peleus.
1017 887 1074 928 Ja
1105 885 1182 928 das
1211 884 1284 926 hat
1312 883 1424 926 mir's
1455 882 1686 939 angethau‚
1717 880 1908 924 sintemal
1937 882 2074 923 einem
2104 880 2287 925 solchen

107 953 328 998 Madchen
373 957 444 998 ein
486 956 655 998 reicher
695 955 944 998 Liebhaber
981 970 1059 997 zur
1096 955 1210 997 Seite
1248 953 1376 1003 steht;
1427 951 1511 994 den
1553 950 1720 994 6313115
1761 950 1835 992 1131
1871 951 1950 991 mir
1986 950 2179 1006 gemacht
2217 950 2288 993 die

24 1018 29 1026 ⁴
106 1020 413 1080 verschlagene
440 1023 707 1081 Kupplerin!
744 1024 808 1066 Ita
837 1023 939 1066 mihi
969 1026 1111 1066 omnia
1141 1029 1258 1065 arcte
1286 1024 1401 1064 inter
1427 1033 1474 1063 se
1505 1020 1740 1062 cohaerere
1769 1018 1972 1061 videntur
2002 1025 2044 1060 et
2070 1020 2288 1075 aptissime
2369 1024 2379 1033 ‘

107 1086 210 1135 esse
238 1095 493 1149 composita:
550 1087 742 1137 Caerula
781 1099 924 1135 autem
964 1092 1112 1135 Thetis
1153 1097 1217 1133 ‘est
1255 1091 1444 1132 marina.
1506 1087 1712 1132 Caerulei
1749 1089 1859 1130 enim
1890 1093 1991 1129 sunt
2020 1088 2160 1130 crines
2190 1087 2300 1138 Ναὶ-Γ

105 1159 290 1213 nidum,
319 1156 556 1204 caeruleus
577 1161 778 1217 Neptuni
809 1174 980 1212 currus,
1013 1159 1203 1215 denique
1227 1157 1375 1200 undae
1401 1158 1528 1199 maris
1558 1163 1659 1199 sunt
1690 1155 1933 1198 caeruleae.
1973 1155 2044 1197 Ad
2075 1170 2286 1200 exornan-

106 1224 219 1270 dm
232 1232 351 1270 certe
381 1227 579 1271 Thetidis
608 1228 788 1271 formam
817 1229 902 1271 hoc
933 1227 1152 1284 epitheton
1182 1241 1273 1270 non
1310 1225 1437 1268 valet.
1478 1249 1533 1258 —
1591 1241 1631 1267 v,
1663 1225 1730 1267 58.
1789 1223 1965 1266 Iniusta
2003 1223 2117 1283 lege.
2175 1225 2285 1269 Pro-

104 1301 212 1352 pon.
234 1295 308 1338 111.
328 1296 408 1349 ⁴21,
428 1295 519 1339 20.=
549 1295 733 1339 foedera
764 1303 864 1340 sunt
896 1296 1100 1353 ponenda
1130 1298 1251 1352 prius
1285 1294 1581 1352 signandaque
1612 1295 1709 1336 iura
1740 1299 1784 1336 et
1811 1292 2039 1335 scribenda
2076 1293 2178 1336 mihi
2214 1293 2286 1338 lex

56 1400 64 1401 ff
102 1363 329 1407 iammoni
353 1378 496 1408 novo.
541 1364 686 1408 Ὀνίε1.
709 1366 802 1408 Α111.
823 1365 876 1409 ΙΙ.
900 1367 975 1418 17,
997 1365 1088 1407 23.;
1127 1365 1198 1407 Tu
1229 1378 1406 1421 quoque
1434 1379 1522 1417 me,
1558 1378 1652 1405 mea
1682 1361 1775 1414 lux,
1803 1364 1849 1404 in
1881 1361 2098 1418 quaslibet
2133 1365 2287 1421 accipe·

102 1429 235 1489 leges.
287 1431 464 1482 Iniusta
492 1433 571 1475 lex
600 1440 743 1490 potest
776 1436 1016 1489 comparari
1046 1448 1142 1475 cum
1171 1435 1269 1475 iure
1296 1434 1500 1489 peierato
1532 1433 1709 1486 (Horat.
1733 1431 2018 1485 C.11.8,1).
2077 1432 2281 1477 Iniuriam

104 1495 279 1544 mederi
302 1504 477 1547 amoris
486 1502 655 1542 illatam
685 1504 712 1541 i.
744 1516 782 1541 e.
811 1502 1039 1556 perfidiam
1070 1500 1272 1541 'libullus
1302 1501 1516 1542 Venerem
1550 1501 1653 1542 dicit
1681 1502 1837 1543 iniusta
1866 1499 1965 1556 lege
1992 1499 2195 1545 relictam
2225 1512 2282 1535 --'

101 1583 144 1612 v.
148 1562 227 1612 60.
264 1569 458 1618 Deserta
488 1579 612 1622 nam
626 1565 757 1611 donis
785 1571 1003 1611 vincitur
1007 1571 1152 1611 omnis
1182 1581 1325 1615 amor.
1359 1569 1479 1611 Haec
1507 1568 1643 1615 verba
1672 1568 1872 1625 Heynius
1902 1567 2103 1625 explic-at:
2135 1570 2283 1626 Quam

102 1639 307 1695 primm
318 1633 436 1679 dona
464 1635 680 1688 admittes,
719 1638 775 1679 sis
806 1636 907 1679 licet
939 1638 1171 1679 castissima
1207 1637 1383 1688 femina,
1420 1643 1561 1679 tamen
1599 1636 1726 1680 fides
1750 1644 1822 1680 tua
1858 1640 1999 1680 statim
2035 1640 2147 1681 victa
2186 1642 2279 1685 erit.

102 1703 330 1748 Disaenius
369 1704 509 1748 autem
547 1707 833 1748 consentiens
861 1705 1203 1753 Wunderlichio
1238 1706 1353 1748 hanc
1389 1703 1517 1762 putat-
1548 1705 1730 1747 subesse
1769 1707 2045 1749 sententiam:
2083 1721 2108 1749 a
2147 1707 2280 1751 divite

104 1780 312 1826 amatore,
343 1779 439 1816 cum
469 1773 595 1817 donis
626 1776 717 1816 eius
749 1777 890 1817 omnia
921 1781 1115 1831 pateant,
1147 1788 1316 1817 omnem
1346 1773 1533 1831 puellam
1564 1776 1796 1830 expugnari
1825 1788 1975 1831 posse,
2003 1777 2150 1832 itaque
2181 1791 2280 1821 eum

102 1833 198 1886 111111ι
221 1841 357 1885 fidum
385 1838 504 1894 fore,
533 1842 612 1885 sed
640 1851 741 1885 mox¹
768 1843 939 1886 Deliam
970 1842 1260 1896 deserturum,
1289 1842 1547 1900 simulatque
1576 1842 1702 1885 aliam
1733 1834 2041 1900 concupixierit.
2080 1844 2277 1889 Dubium

104 1923 217 1954 3583
237 1913 426 1980 nequit,
449 1912 555 1967 quin
585 1911 727 1954 verba
765 1910 920 1955 donis
936 1914 1079 1956 omnis
1116 1927 1248 1955 amor·
1284 1914 1478 1956 vincitur
1513 1914 1576 1954 sic
1612 1914 1778 1969 possint
1809 1911 2031 1969 explicari.
2090 1914 2280 1958 Munera

103 1976 251 2030 enlm,-
255 1985 314 2021 ut
341 1978 402 2021 ait
424 1976 611 2030 Seneca,
646 1982 770 2033 etiam
801 1980 907 2023 deos
936 1982 1126 2028 vincunt.
1184 1982 1382 2045 Propert.
1404 1980 1481 2024 IV.
1502 1982 1577 2032 13,
1601 1981 1662 2023 9.:
1702 1981 1823 2023 Haec
1854 1983 1981 2023 etiam
2011 1981 2176 2024 clausas
2207 1998 2278 2026 ex-

101 2052 315 2103 pugnant
311 2057 437 2090 arma
466 2045 660 2102 pudicas.
721 2046 854 2090 Ovid.
875 2049 967 2091 Am.
980 2049 1065 2092 ΙΙΙ.
1088 2043 1136 2101 8,
1157 2049 1245 2092 29.·
1286 2051 1449 2108 Iupiter
1483 2050 1758 2102 admonitus,
1783 2050 1903 2093 nihil
1926 2065 2020 2092 esse
2057 2047 2283 2107 potentius¹

102 2106 242 2165 adro,
261 2117 492 2170 corruptae
522 2115 716 2170 pretium
736 2115 927 2171 Virgims
954 2117 1046 2172 ipse
1076 2083 1168 2159 fult.
1211 2118 1344 2161 Vide
1354 2121 1530 2161 omnino
1554 2115 2273 2176 1313191311.3(1Ηο1’31.111.16,6.

99 2175 265 2238 Atque:
263 2183 330 2223 si
327 2184 518 2238 quaevis
547 2179 692 2238 puella
722 2181 847 2225 donis
878 2187 1111 2241 expugnari
1139 2192 1301 2242 potest,
1333 2190 1642 2244 consequitur,
1663 2194 1711 2230 ut
1737 2187 1858 2230 diviti
1890 2189 2017 2244 copia
2044 2190 2101 2230 sit
2129 2191 2275 2232 cuius-

101 2251 168 2294 νὴ
194 2240 365 2307 puellae
382 2250 724 2307 expugnandae,
761 2255 945 2308 pauperi
974 2267 1066 2296 non
1093 2255 1159 2296 sit.
1198 2254 1322 2298 alteri
1350 2257 1478 2312 igitur
1503 2259 1683 2306 'materia
1712 2255 1814 2299 data
1847 2263 1910 2299 est
1943 2259 2083 2299 omnis
2114 2260 2274 2315 nequi-

99 2318 206 2361 tiae:
237 2317 361 2361 alteri
389 2331 480 2361 non
511 2326 595 2362 est:
626 2334 768 2376 eoque
797 2335 900 2364 sane
931 2321 1120 2365 efficitur
1146 2322 1211 2375 id,
1250 2324 1370 2380 quod
1399 2325 1762 2368 Wuiiderlichius
1790 2325 1901 2378 vult,
1940 2332 1988 2368 ut
2015 2325 2170 2369 Deliae
2198 2342 2272 2371 ve-

98 2371 281 2430 rendum
308 2389 391 2440 sit,
411 2399 468 2430 ne
499 2387 554 2430 ab
584 2388 668 2431 hoc
695 2387 866 2432 homine
895 2389 1019 2434 brevi
1049 2391 1283 2438 deseratur.
1316 2391 1472 2449 Qualis
1502 2401 1641 2436 tamen
1667 2394 1775 2435 haec
1802 2393 1896 2436 laus
1925 2395 2000 2446 sit,
2031 2408 2143 2450 quae
2164 2409 2272 2451 pau-

99 2450 196 2511 ped
221 2453 462 2508 tribuatur,-
476 2459 575 2499 iam
605 2459 697 2513 ipse
717 2455 938 2515 intelligis.
998 2459 1133 2502 Fidus
1166 2466 1231 2502 est
1259 2460 1444 2518 pauper,
1484 2464 1585 2518 quia
1622 2461 1814 2518 perfidus
1854 2475 1950 2504 esse
1987 2475 2077 2504 11011
2113 2469 2270 2519 potest,

99 2520 274 2565 Deinde
311 2522 433 2580 quid
453 2523 625 2567 tandem
656 2532 787 2582 poeta
816 2533 901 2569 13111
931 2527 1090 2570 sedulo
1120 2535 1261 2581 curet,
1299 2535 1347 2571 ut
1376 2542 1433 2572 ne
1464 2529 1591 2571 Delia
1623 2529 1677 2572 ab
1706 2532 1790 2572 isto
1821 2543 2013 2572 amorum
2044 2529 2271 2576 desultore

98 2587 224 2633 brevi
252 2588 505 2635 deseratur?
561 2592 795 2650 Propterea
829 2596 959 2651 igitur
995 2601 1222 2652 tantopere
1259 2599 1408 2649 instet,
1446 2596 1614 2653 urgeat,
1652 2596 1899 2650 admoneat,
1938 2605 1986 2640 ut
2015 2613 2149 2656 quam
2171 2602 2271 2657 pri·

98 2651 218 2700 ”tuin
243 2654 411 2716 rapacis
438 2659 564 2703 lenae
593 2670 827 2720 praecept-a
856 2663 986 2707 Delia
1014 2662 1214 2707 deserat?
1271 2666 1378 2708 Non
1409 2674 1473 2710 est
1509 2667 1555 2710 id
1586 2668 1758 2724 quidem
1787 2667 2029 2710 verisimile.
2088 2668 2270 2715 Puellae

97 2718 272 2767 videtur
293 2733 507 2780 metuere,
535 2742 599 2771 ne·
623 2731 826 2773 avaritiae
855 2733 962 2774 vitio
992 2732 1230 2783 inficiatur,
1259 2747 1315 2775 ne
1343 2735 1529 2777 inescata
1557 2735 1770 2779 donorum
1801 2739 1942 2792 pretio
1974 2749 2143 2781 omnem
2172 2742 2269 2783 veri

100 2793 257 2835 amoris
295 2793 496 2837 affectum
531 2798 704 2843 amittat,
762 2799 841 2842 Est
876 2802 988 2842 euim
1024 2803 1205 2844 avaritia
1243 2804 1459 2860 pernicies
1498 2800 1666 2848 amoris.
1724 2805 1824 2847 Hoc
1862 2811 1926 2847 est
1965 2803 2094 2848 illud.
2134 2804 2268 2851 donis

97 2862 242 2905 munis
268 2863 296 2904 i.
326 2875 362 2904 e.
391 2863 703 2922 qualiscunque
732 2879 864 2910 amor·
895 2869 1101 2914 vincitur
1147 2868 1296 2923 (conf.
1316 2867 1448 2914 ovid.
1469 2885 1572 2915 rem.
1595 2886 1674 2914 am.
1697 2858 1814 2917 4⁴62:
1848 2886 2111 2916 successore
2144 2889 2270 2920 novo

96 2929 290 2973 vincitur
318 2934 463 2975 omnis
488 2936 663 2989 amor.)
702 2935 761 2978 At
788 2937 825 2979 si
852 2936 984 2983 Delia
1013 2946 1148 2995 quam
1171 2939 1386 2998 primum
1384 2938 1566 2985 deserat
1595 2946 1825 2997 praecepta
1852 2942 2017 2997 rapacis
2045 2940 2188 2996 131133,
2223 2949 2269 2988 et

1723 3009 1751 3050 4
