2462 3112
1224 88 1274 128 X.

178 205 337 265 lingua
365 218 480 256 esse,
511 202 636 262 quod
661 201 900 261 offendat:
927 216 1036 246 nam*
1053 218 1144 247 non
1172 219 1301 262 posse
1324 219 1420 316 yn
1449 209 1592 261 statui,
1612 210 1880 267 >persolvere
1907 226 2040 257 voces
2062 215 2237 261 votivae
2264 216 2338 264 ἂι,
2368 211 2371 216 ’

179 280 293 317 ctum
331 287 423 315 esse
458 285 540 329 pro
576 271 852 329 persolvere,
889 270 1014 329 quod
1048 279 1202 315 votum
1233 276 1332 317 voci
1361 289 1413 318 us
1440 274 1611 319 votivis.
1659 277 1766 320 ‘Hoc
1791 279 1922 322 modo
1951 282 2018 322 vir
2046 282 2199 326 doctus
2227 282 2330 328 dum

177 340 350 384 dumeta
375 354 486 396 quae
515 337 598 382 sibi
625 338 900 396 videbantur,
933 353 957 381 e
989 339 1111 382 cultis
1140 340 1304 383 Tibulli
1333 344 1444 385 arvis
1475 343 1639 396 evellit,
1673 346 1878 389 convellit
1901 349 1984 390 vim
2005 349 2127 391 verbi
2152 350 2330 395 votivus

182 415 227 452 et
253 410 435 460 invenit,
467 407 586 464 quod
614 421 757 464 neque
779 422 804 449 a
825 407 1002 450 Tibullo
1032 421 1173 464 neque
1199 408 1253 451 ab
1286 409 1370 452 alio
1400 425 1588 467 unquam
1617 414 1826 469 scriptore
1855 413 2011 457 dictum
2036 424 2155 472 puto.
2194 418 2330 462 Poeta·

180 477 302 519 dicit:
331 489 532 518 succurre
557 475 676 527 mihi,
705 480 754 517 ut
780 489 876 516 mea
896 474 1024 518 Delia
1043 491 1082 518 v.
1103 491 1142 519 V.
1163 491 1272 532 pers.
1301 476 1458 520 sedeat
1486 485 1582 521 ante
1611 479 1727 522 fores
1755 481 1905 537 templi
1930 485 2004 525 tui.
2050 478 2180 527 Ovid.
2203 485 2331 529 Trist.

180 543 234 585 ΙΙ.
258 544 304 595 1,
324 544 440 585 297.:
469 542 592 585 Isidis
622 542 727 585 aede
759 542 925 585 sedens.
969 543 1050 599 Ep.
1075 557 1125 585 ex
1145 544 1270 586 Pont.
1290 545 1322 587 Ι,
1346 546 1392 597 1,
1412 546 1498 588 52.;
1528 546 1687 588 Isiacos
1717 542 1815 590 ante
1843 548 1994 590 sedere
2023 549 2158 592 foc‘os.
2185 553 2331 596 Amor»

179 611 255 654 111,
277 611 394 653 635.:
430 625 526 653 cum
556 610 706 653 sedeat
726 610 906 652 Phariae
936 611 1068 653 sistris
1099 618 1272 668 operata
1292 613 1508 656 iuvencae
1537 613 1649 666 (vid.
1670 614 1817 658 Heius.
1839 615 1893 658 ad
1915 615 2047 660 Ovid.
2067 618 2162 660 Am.
2183 617 2236 661 IL
2254 618 2332 672 13,

182 679 251 722 17.
281 685 324 722 et
351 678 557 721 Kuinoel.
577 678 631 720 ad
652 678 847 734 Propert.
869 677 921 719 II.
941 677 1018 729 28,
1039 678 1135 731 45).
1193 679 1308 735 Ergo
1346 679 1453 722 haec
1485 683 1620 724 sessio
1655 684 1701 725 in
1735 670 1799 725 his
1832 686 1963 726 sacris
1991 684 2126 727 solita
2165 691 2209 728 et
2243 687 2331 729 ritu

174 749 444 806 praescripta
475 753 575 789 erat.
633 745 735 789 Ubi
754 760 859 789 vero
891 747 1049 787 cantari
1077 745 1225 788 laudes
1255 754 1435 803 coeptae
1465 756 1583 801 sunt,
1620 749 1870 806 surgebant.
1909 766 2007 794 nam
2036 759 2194 795 stantes
2208 750 2331 815 ado·

181 815 354 859 rabant:
381 814 564 857 Martial.
585 813 677 857 XII.
698 815 776 870 Ep.
796 814 884 856 29..
913 812 1080 869 linigeri
1099 813 1265 870 fugiunt
1285 815 1391 857 calvi
1411 817 1662 872 sistrataque
1682 816 1808 860 turba
1836 818 1952 860 Inter
1978 819 2206 862 adorantes
2235 834 2331 863 cum
2407 833 2408 838 ¹

177 887 298 928 stetit
325 885 631 940 Hermogenes.
687 884 854 924 Verum
885 889 965 933 est,
1001 895 1090 923 non
1129 881 1281 924 eodem
1318 889 1511 939 tempore
1547 884 1708 926 sedisse
1747 891 1788 927 et
1823 887 1989 928 stetisse
2022 886 2215 930 Deliam.
2253 887 2332 931 sed

178 951 284 996 nihil
312 951 507 1007 impedit,
539 965 626 1006 quo
646 951 804 1001 minus,
831 964 924 992 cum
946 955 1044 991 ante
1073 947 1270 1001 sedisset,
1301 950 1572 1006 postmodum
1593 957 1734 994 staret.
1779 942 1835 993 At
1855 952 2005 1003 modo,
2033 952 2147 1004 lino,
2174 955 2332 1010 inquit,

177 1026 302 1064 tecta
331 1019 471 1062 sedet:
499 1025 588 1061 tum
618 1018 819 1061 resoluta
850 1032 1002 1061 comas
1031 1016 1189 1060 adstat:
1219 1020 1347 1074 igitur
1372 1018 1503 1061 modo
1535 1021 1671 1074 capite
1699 1018 1929 1076 adoperto,
1958 1020 2090 1063 modo
2113 1023 2333 1078 inopertot

181 1087 432 1132 observabis
470 1087 694 1130 discrimen
725 1101 879 1137 rerum.
922 1085 1088 1128 Video:
1126 1086 1204 1128 sed
1231 1085 1365 1128 verba
1394 1093 1514 1130 tecta
1544 1087 1635 1129 lino
1666 1087 1924 1144 significant,
1955 1088 2175 1145 linigeram
2204 1089 2347 1133 fuisse·

180 1155 369 1208 Deliam,
398 1155 534 1212 qualis
560 1154 686 1197 turba
706 1154 906 1211 linigerae
928 1153 1037 1196 deae
1069 1161 1169 1197 erat.
1208 1154 1392 1197 Velatos
1422 1169 1540 1197 sacra
1569 1157 1800 1211 peregisse,
1830 1163 2089 1199 monuerunt
2114 1159 2194 1199 viri
2219 1157 2336 1200 docti

183 1223 240 1266 ad
276 1223 418 1266 locum
454 1223 670 1279 Propertii
708 1218 835 1278 supra
872 1221 1106 1272 laudatum,
1146 1220 1201 1262 ad
1241 1236 1368 1277 quem
1403 1222 1631 1264 Dissenius
1667 1230 1889 1278 provocat.
1926 1224 2008 1266 ,At
2043 1223 2335 1266 mulier‘Isidi

181 1305 366 1348 operans
394 1293 440 1333 in
475 1290 620 1333 tabula
650 1288 929 1332 Heracleensi
969 1288 1081 1342 (vid.
1104 1289 1260 1344 Bottig.
1282 1289 1481 1332 Sabinam
1501 1289 1587 1331 tab.
1608 1289 1706 1332 VII.
1727 1305 1768 1346 p.
1791 1291 1902 1344 194)
1936 1290 2148 1334 resolutas
2190 1305 2334 1334 comas

186 1359 338 1411 habet,
379 1373 581 1401 coronam
620 1360 666 1400 in
706 1359 842 1413 capite
886 1362 1041 1414 gestat:
1080 1355 1219 1398 velata
1249 1371 1339 1399 non
1369 1364 1445 1400 est.
1499 1358 1794 1400 Veruntamen
1829 1358 1988 1401 sederit
2011 1359 2138 1418 Delia
2175 1359 2334 1402 velata:

182 1427 289 1484 quid
316 1427 400 1470 hoc
425 1427 570 1468 velum
599 1425 888 1482 prohibuerit,
926 1425 1155 1480 quominus
1185 1438 1332 1466 comae
1361 1424 1578 1467 resolutae
1606 1433 1764 1477 essent,
1798 1439 1888 1468 non
1914 1426 2056 1469 video.
2115 1426 2335 1483 Quicquid

183 1501 250 1539 est
284 1520 337 1530 —
382 1509 479 1536 nam
515 1495 684 1545 nescio,
728 1507 829 1535 num
866 1492 913 1534 id
949 1492 1092 1534 velum
1130 1493 1357 1535 adorantes
1394 1493 1448 1535 de
1492 1495 1628 1549 capite
1673 1493 1927 1536 detraxerint
1970 1500 2053 1536 nec
2094 1507 2150 1537 ne
2193 1494 2251 1528 —‘
2286 1493 2336 1538 id

183 1562 356 1621 quidem
392 1562 658 1604 manifestum
697 1566 778 1603 est:
821 1559 1032 1602 Summam
1061 1562 1172 1611 voti,
1208 1560 1327 1616 quod
1357 1560 1487 1602 Delia
1516 1575 1597 1616 pro
1630 1560 1766 1603 salute
1803 1563 1925 1603 amici
1955 1569 2221 1618 susceperat,
2257 1575 2337 1619 per

183 1638 325 1688 partes
354 1636 604 1687 persecutus
632 1635 760 1685 poeta
794 1627 901 1669 haec
935 1627 1024 1670 duo
1062 1629 1285 1683 proponit,
1322 1630 1556 1670 sessionem
1593 1630 1691 1670 ante
1727 1628 1874 1685 templi
1911 1628 2028 1671 fores
2076 1635 2119 1671 et
2153 1629 2361 1685 hymnos,

183 1698 251 1742 bis
281 1698 352 1741 die
383 1697 628 1740 cantandos.
686 1696 803 1738 Dicit
843 1696 974 1737 enim':
1013 1701 1148 1750 utque
1174 1694 1301 1736 Delia
1333 1709 1475 1737 comas
1507 1695 1697 1738 resoluta
1724 1695 1792 1738 bis
1822 1696 1891 1739 die
1919 1695 2067 1739 laudes
2100 1696 2244 1739 dicere
2271 1698 2336 1739 in-

139 1800 145 1803 -
183 1768 312 1824 signis
331 1768 376 1808 in
395 1765 521 1808 turba
544 1765 698 1806 Pharia
719 1762 886 1805 debeat.
915 1762 966 1804 In
984 1762 1048 1804 his
1067 1764 1247 1819 primum
1270 1761 1540 1805 observanda
1561 1770 1624 1805 est
1643 1763 1851 1820 particula
1873 1779 1975 1821 que,
1998 1778 2109 1820 quae
2130 1763 2337 1821 particula

184 1836 287 1878 satis
313 1833 493 1884 indicat,
531 1847 620 1874 rem
648 1831 732 1872 hoc
762 1829 941 1872 disticho
973 1827 1202 1886 erpositam
1233 1832 1403 1872 arctiori
1435 1831 1622 1887 quodam
1650 1834 1911 1874 necessitatis
1946 1825 2116 1875 vinculo
2151 1835 2338 1876 iunctam

188 1916 283 1945 esse
310 1916 405 1943 cum
434 1901 507 1951 iis,
547 1913 658 1955 quae
688 1900 823 1954 priori
853 1897 1035 1940 disticho
1075 1898 1281 1954 explicata
1317 1904 1436 1940 sunt:
1473 1905 1563 1941 tum
1598 1899 1710 1941 illud
1747 1899 1941 1942 advertas
1978 1906 2172 1957 oportet,
2207 1912 2338 1957 supra

184 1968 342 2014 sedeat
382 1968 560 2010 dictum:
605 1967 674 2008 hic
711 1964 859 2007 dicere
903 1964 1082 2006 debeat:
1132 1967 1329 2007 nimirum
1367 1967 1453 2007 ritu
1489 1980 1728 2018 sacrorum,
1773 1966 1841 2009 bis
1879 1969 1989 2009 enim
2027 1967 2178 2010 laudes
2214 1966 2338 2011 Isidis

188 2035 414 2080 canendaev
440 2041 560 2077 erant
588 2032 700 2087 (vid.
722 2033 863 2088 Heyn.
888 2031 942 2073 ad
965 2032 1004 2074 h.
1028 2031 1095 2085 1.).
1153 2033 1240 2073 13111
1277 2046 1382 2074 vero
1413 2032 1679 2088 intelligitur,
1722 2042 1832 2089 quae
1862 2037 1945 2076 sint
1974 2033 2072 2076 illae
2100 2048 2232 2077 voces
2258 2031 2338 2078 vo-

182 2107 314 2150 tivae.
358 2104 528 2145 Etenim
559 2116 627 2153 ea,
661 2114 771 2157 quae
801 2100 865 2141 his
894 2098 1066 2141 duobus
1095 2099 1282 2142 distichis
1312 2106 1583 2152 enarrantur,
1615 2103 1754 2156 posita
1783 2107 1902 2153 sunt,
1934 2107 1981 2143 ut
2006 2103 2065 2143 ita
2095 2101 2249 2153 dicam,
2278 2099 2328 2144 ἐκ

185 2172 482 2231 παραλλιήλσυ.
526 2173 640 2216 Ν3111
669 2171 714 2213 111
738 2171 887 2227 hymni
914 2167 1168 2211 decantandi
1198 2182 1291 2209 cum
1321 2169 1590 2224 praecipuam
1619 2173 1781 2224 partem
1812 2167 2035 2210 efficerent
2061 2169 2178 2219 voti,
2198 2174 2330 2225 poeta

186 2257 278 2296 non
306 2248 459 2285 votum
486 2239 766 2298 persolvens,
801 2236 878 2280 sed
909 2238 1082 2279 votivas
1113 2249 1245 2277 voces
1272 2234 1533 2292 persolvens
1563 2235 1685 2286 dixit,
1723 2241 1766 2277 et
1794 2237 1932 2277 statim
1961 2235 2006 2278 id
2033 2237 2171 2292 ipsum
2201 2235 2332 2292 expli·

189 2316 361 2352 caturus
391 2307 509 2350 addit
537 2306 688 2363 bisque
718 2304 787 2346 die
816 2302 973 2346 laudes
1003 2302 1150 2345 dicere
1178 2300 1348 2344 debeat.
1394 2301 1440 2344 Si
1470 2317 1600 2359 supra
1631 2304 1864 2359 scripsisset
1892 2301 2067 2356 laudes,
2098 2317 2200 2346 sane
2229 2302 2335 2345 haec

187 2376 339 2434 putida
372 2375 518 2417 forent
553 2380 596 2415 et
624 2371 820 2415 horrida:
858 2377 902 2413 at
938 2369 1103 2412 infinite
1141 2369 1312 2411 locutus
1348 2383 1499 2421 voces,
1540 2369 1689 2426 quales
1723 2370 1803 2412 hae
1841 2370 2017 2422 fuerint,
2054 2370 2154 2414 dum
2187 2371 2328 2426 aperit

188 2447 359 2488 minime
389 2443 593 2485 commisit
621 2441 690 2492 id,
720 2439 839 2497 quod
861 2439 1087 2481 DisSenius
1116 2436 1287 2490 obiecit.
1324 2436 1483 2489 Addita
1512 2444 1611 2479 sunt
1639 2439 1762 2479 etiam
1793 2437 1894 2489 alia,
1925 2437 2081 2494 quibus
2109 2437 2338 2494 descriptio

193 2511 347 2554 Deliae
375 2517 480 2552 voto
510 2508 721 2564 fungentis
751 2505 1000 2549 absolvitur.
1055 2505 1167 2547 Nam
1194 2506 1240 2546 in
1270 2510 1544 2559 conspectum
1572 2502 1692 2560 quasi
1727 2504 1980 2561 producitur
2012 2504 2158 2561 puella
2192 2503 2342 2548 habitu

192 2578 535 2628 Isiaco-induta,
569 2575 722 2618 sedens
753 2581 853 2617 ante
882 2573 997 2616 fores
1026 2571 1192 2628 templi:
1221 2577 1310 2614 tum
1337 2585 1444 2613 vero
1474 2570 1642 2613 turbam
1672 2571 1925 2623 Isiacorum,
1957 2574 2091 2628 ipsam
2121 2573 2163 2613 in
2190 2573 2240 2614 iis
2267 2570 2341 2614 311-

193 2652 395 2696 stantem,
424 2643 624 2687 resolutis
655 2643 784 2684 comis
805 2655 855 2682 ac
872 2645 1094 2682 venustate
1125 2641 1396 2695 conspicuam
1423 2638 1574 2681 videre
1596 2646 1647 2681 et
1666 2653 1862 2682 canoram
1893 2641 1983 2682 eius
2012 2653 2163 2682 vocem
2192 2638 2342 2682 audire

192 2713 320 2757 nobis
348 2712 552 2755 videmur.
609 2710 742 2753 Nove
774 2708 931 2750 dictum
966 2707 1095 2748 fuerit
1132 2706 1242 2748 illud
1270 2720 1403 2749 voces
1429 2708 1603 2748 votivas
1629 2707 1910 2763 persolvens,
1946 2705 2023 2748 sed
2052 2704 2248 2748 consulto
2278 2704 2343 2748 di-

196 2787 309 2823 ctum
340 2786 415 2823 est.
472 2778 732 2834 Agnoscitur
761 2777 870 2818 enim
897 2777 979 2817 iam
1006 2779 1056 2816 ex
1092 2773 1156 2815 his
1193 2772 1335 2815 verbis
1370 2775 1520 2818 mirus..
1535 2772 1660 2828 lepor
1697 2787 1746 2815 30
1782 2773 1932 2815 festiva
1959 2772 2219 2824 iucunditas,
2255 2785 2342 2833 qua

193 2855 310 2893 totus
351 2851 387 2891 is
428 2847 550 2890 locus
588 2849 742 2888 tinctus
759 2887 761 2889 ,
781 2850 857 2886 est.
908 2842 1020 2884 Erat
1055 2854 1156 2884 sane
1193 2840 1271 2882 Isis
1310 2839 1391 2883 dea
1428 2839 1643 2883 salutaris:
1686 2841 1862 2888 multum
1898 2840 2082 2883 valuerit
2115 2841 2162 2882 in
2199 2841 2341 2882 animo

194 2916 366 2974 puellae
381 2927 508 2973 *amor
529 2926 628 2970 erga
648 2914 846 2962 amicum3
874 2909 1052 2953 multum
1071 2910 1339 2966 superstitio:
1367 2907 1447 2952 sed
1468 2907 1594 2952 turba
1613 2907 1686 2951 illa
1706 2908 1884 2966 linigera
1907 2908 2069 2951 famosa
2088 2913 2178 2950 erat
2196 2904 2337 2961 (conf.
